@article{lecun1998,
  title={Gradient-based learning applied to document recognition},
  author={LeCun, Yann and Bottou, L{\'e}on and Bengio, Yoshua and Haffner, Patrick},
  journal={Proceedings of the IEEE},
  volume={86},
  number={11},
  pages={2278--2324},
  year={1998},
  publisher={IEEE}
}
@inproceedings{borucki2008comparison,
  title={Comparison of accelerated DRAM soft error rates measured at component and system level},
  author={Borucki, Ludger and Schindlbeck, Guenter and Slayman, Charles},
  booktitle={Reliability Physics Symposium, 2008. IRPS 2008. IEEE International},
  pages={482--487},
  publisher={IEEE},
  address={Phoenix, AZ, USA},
  year={2008},
  organization={IEEE}
}

@ARTICLE{Dodd2005, 
author={P. E. {Dodd}}, 
journal={IEEE Transactions on Device and Materials Reliability}, 
title={Physics-based simulation of single-event effects}, 
year={2005}, 
volume={5}, 
number={3}, 
pages={343-357}, 
keywords={semiconductor device models;semiconductor device reliability;integrated circuit reliability;integrated circuit modelling;single event effects;device level simulation;microelectronic devices;integrated circuits;device modeling;full cell simulations;cross section calculations;soft error sensitivity;single event latchup simulations;CMOS structures;single event transient production;digital logic circuits;integrated circuit reliability;integrated circuit testing;radiation effects;radiation hardening;Si;Circuit simulation;Predictive models;Integrated circuit modeling;Microelectronics;Discrete event simulation;Radiation effects;Single event upset;Ionizing radiation;Ionization;Logic circuits;Device modeling and simulation;integrated circuit reliability;integrated circuit scaling;integrated circuit testing;radiation effects;radiation hardening (electronics);radiation response;single event effects;single event latchup;single event transient;single event upset;soft errors}, 
doi={10.1109/TDMR.2005.855826}, 
ISSN={1530-4388}, 
month={Sep.},}

@inproceedings{Jeon2013ArchitecturalVM,
  title={Architectural Vulnerability Modeling and Analysis of Integrated Graphics Processors},
  author={Hyeran Jeon and Mark Wilkening and Vilas Sridharan and Sudhanva Gurumurthi and Gabriel H. Loh},
    booktitle={IEEE 10th Workshop on Silicon Errors in Logic - System Effects
        (SELSE)},
  publisher = {IEEE},
  address = {},
  year={2013}
}

@inproceedings{sridharan2012study,
  title={A study of DRAM failures in the field},
  author={Sridharan, Vilas and Liberty, Dean},
  booktitle={High Performance Computing, Networking, Storage and Analysis (SC), 2012 International Conference for},
  pages={1--11},
  year={2012},
  organization={IEEE}
}
@inproceedings{constantinescu2008intermittent,
  title={Intermittent faults and effects on reliability of integrated circuits},
  author={Constantinescu, Cristian},
  booktitle={Reliability and Maintainability Symposium, 2008. RAMS 2008. Annual},
  pages={370--374},
  year={2008},
  publisher={IEEE},
  address={Las Vegas, NV, USA},
  organization={IEEE}
}


@article{electronic1996test,
  title={Test procedures for the measurement of single-event effects in semiconductor devices from heavy ion irradiation},
  author={Electronic Industries Association and others},
  journal={EIA/JEDEC Standard},
  number={57},
  year={1996}
}

@inproceedings{koga1997single,
  title={Single event functional interrupt (SEFI) sensitivity in microcircuits},
  author={Koga, R and Penzin, SH and Crawford, KB and Crain, WR},
  booktitle={Radiation and Its Effects on Components and Systems, 1997. RADECS 97. Fourth European Conference on},
  pages={311--318},
  year={1997},
  organization={IEEE}
}

@article{constantinescu2003trends,
  title={Trends and challenges in VLSI circuit reliability},
  author={Constantinescu, Cristian},
  journal={IEEE micro},
  number={4},
  pages={14--19},
  year={2003},
  publisher={IEEE}
}

@techreport{NSF2018,
 author = {Cohen, Albert and Shen, Xipeng and Torrellas, Josep and Tuck, James and Zhou, Yuanyuan and Adve, Sarita and Akturk, Ismail and Bagchi, Saurabh and Balasubramonian, Rajeev and Barik, Rajkishore and Beck, Micah and Bodik, Ras and Butt, Ali and Ceze, Luis and Chen, Haibo and Chen, Yiran and Chilimbi, Trishul and Christodorescu, Mihai and Criswell, John and Ding, Chen and Ding, Yufei and Dwarkadas, Sandhya and Elmroth, Erik and Gibbons, Phil and Guo, Xiaochen and Gupta, Rajesh and Heiser, Gernot and Hoffman, Hank and Huang, Jian and Hunter, Hillery and Kim, John and King, Sam and Larus, James and Liu, Chen and Lu, Shan and Lucia, Brandon and Maleki, Saeed and Mazumdar, Somnath and Neamtiu, Iulian and Pingali, Keshav and Rech, Paolo and Scott, Michael and Solihin, Yan and Song, Dawn and Szefer, Jakub and Tsafrir, Dan and Urgaonkar, Bhuvan and Wolf, Marilyn and Xie, Yuan and Zhao, Jishen and Zhong, Lin and Zhu, Yuhao},
 title = {Inter-Disciplinary Research Challenges in Computer Systems for the 2020s},
 year = {2018},
 publisher = {National Science Foundation},
 institution = {National Science Foundation},
 address = {USA},
} 


@inproceedings{constantinescu2002impact,
  title={Impact of deep submicron technology on dependability of VLSI circuits},
  author={Constantinescu, Cristian},
  booktitle={Dependable Systems and Networks, 2002. DSN 2002. Proceedings. International Conference on},
  pages={205--209},
  year={2002},
  publisher={IEEE},
  address={Washington, DC, USA},
  organization={IEEE}
}

@article{ziegler1981effect,
  title={The effect of sea level cosmic rays on electronic devices},
  author={Ziegler, James F and Lanford, William A},
  journal={Journal of applied physics},
  volume={52},
  number={6},
  pages={4305--4312},
  year={1981},
  publisher={AIP}
}

@article{baumann2005soft,
  title={Soft errors in advanced computer systems},
  author={Baumann, Robert},
  journal={IEEE Design \& Test of Computers},
  volume={22},
  number={3},
  pages={258--266},
  year={2005},
  publisher={IEEE}
}

@misc{seutest,
  key = {Soft-Error Testing Resources},
  title = {Soft-Error Testing Resource.},
  year = {2006},
  publisher = {SEUTEST},
  howpublished = {\url{http://www.seutest.com/cgi-bin/FluxCalculator.cgi}},
}

@inproceedings{fratin2018DSN,
  title={Code-dependent and architecture-dependent reliability behaviors},
  author={Fratin, Vin{\'\i}cius and Oliveira, Daniel and Lunardi, Caio and Santos, Fernando and Rodrigues, Gennaro and Rech, Paolo},
  booktitle={2018 48th Annual IEEE/IFIP International Conference on Dependable Systems and Networks (DSN)},
  pages={13--26},
  year={2018},
  publisher = {IEEE},
  address = {},
  organization={IEEE}
}

@inproceedings{cazzaniga2018progress,
  title={Progress of the Scientific Commissioning of a fast neutron beamline for Chip Irradiation},
  author={Cazzaniga, Carlo and Frost, Christopher D},
  booktitle={Journal of Physics: Conference Series},
  volume={1021},
  pages={012037},
  publisher={IOP},
  address={},
  year={2018},
  organization={IOP Publishing}
}

@article{chiesa2018measurement,
  title={Measurement of the neutron flux at spallation sources using multi-foil activation},
  author={Chiesa, Davide and Nastasi, Massimiliano and Cazzaniga, Carlo and Rebai, Marica and Arcidiacono, Laura and Previtali, Ezio and Gorini, Giuseppe and Frost, Christopher D},
  journal={Nuclear Instruments and Methods in Physics Research Section A: Accelerators, Spectrometers, Detectors and Associated Equipment},
  year={2018},
  publisher={Elsevier}
}

@article{tietze1989rotax,
  title={Rotax, a spectrometer for coherent neutron inelastic scattering at ISIS},
  author={Tietze, H and Schmidt, W and Geick, R},
  journal={Physica B: Condensed Matter},
  volume={156},
  pages={550--553},
  year={1989},
  publisher={Elsevier}
}

@inproceedings{fragkiadaki2012two,
  title={Two-granularity tracking: Mediating trajectory and detection graphs for tracking under occlusions},
  author={Fragkiadaki, Katerina and Zhang, Weiyu and Zhang, Geng and Shi, Jianbo},
  booktitle={European Conference on Computer Vision},
  pages={552--565},
  year={2012},
  publisher={Springer},
  address={},
  organization={Springer}
}
@inproceedings{luo2010effective,
  title={An effective GPU implementation of breadth-first search},
  author={Luo, Lijuan and Wong, Martin and Hwu, Wen-mei},
  booktitle={Proceedings of the 47th design automation conference},
  pages={52--55},
  year={2010},
  organization={ACM}
}
@misc{DIMACS,
  key = {9th DIMACS Implementation Challenge - Shortest Paths},
  title = {9th DIMACS.},
  author = {DIMACS},
  year = {2006},
  publisher = {DIMACS},
  howpublished = {\url{www.dis.uniroma1.it/challenge9/download.shtml}},
}
@misc{carol-fi,
  key = {Carol-FI Fault Injector},
  title = {Carol-FI.},
  year = {2017},
  publisher = {GitHub},
  journal = {GitHub repository},
  howpublished = {\url{https://github.com/UFRGS-CAROL/carol-fi}},
}
@inproceedings{sc2017,
 author = {Oliveira, Daniel and Pilla, La{\'e}rcio and DeBardeleben, Nathan and Blanchard, Sean and Quinn, Heather and Koren, Israel and Navaux, Philippe and Rech, Paolo},
 title = {Experimental and Analytical Study of Xeon Phi Reliability},
 booktitle = {Proceedings of the International Conference for High Performance Computing, Networking, Storage and Analysis},
 series = {SC '17},
 year = {2017},
 isbn = {978-1-4503-5114-0},
 location = {Denver, Colorado},
 pages = {28:1--28:12},
 articleno = {28},
 numpages = {12},
 url = {http://doi.acm.org/10.1145/3126908.3126960},
 doi = {10.1145/3126908.3126960},
 acmid = {3126960},
 publisher = {ACM},
 address = {New York, NY, USA},
 keywords = {fault injection, fault tolerance, parallel architectures, radiation experiments, reliability},
}

@INPROCEEDINGS{wang2006, 
author={Feng Wang and Yuan Xie and K. Bernstein and Yan Luo}, 
booktitle={IEEE Computer Society Annual Symposium on Emerging VLSI Technologies and Architectures (ISVLSI'06)}, 
title={Dependability analysis of nano-scale FinFET circuits}, 
year={2006}, 
volume={}, 
number={}, 
pages={6 pp.-}, 
keywords={CMOS integrated circuits;integrated circuit reliability;nanoelectronics;32 nm;45 nm;FinFET technology;FinFET-based circuit design;bulk CMOS circuits;deep submicron bulk CMOS technology;nanoscale FinFET circuits;process variation impact;soft error vulnerability;CMOS process;CMOS technology;Circuit analysis;Circuit synthesis;Computer science;FinFETs;Logic devices;Random access memory;Scalability;Very large scale integration}, 
doi={10.1109/ISVLSI.2006.35}, 
ISSN={2159-3469}, 
month={March},}

@ARTICLE{velazco2000,
author={R. Velazco and S. Rezgui and R. Ecoffet},
journal={IEEE Transactions on Nuclear Science},
title={Predicting error rate for microprocessor-based digital architectures through C.E.U. (Code Emulating Upsets) injection},
year={2000},
volume={47},
number={6},
pages={2405-2411},
keywords={digital signal processing chips;ion beam effects;microcontrollers;microprocessor chips;320C50 digital signal processor;80C51 microcontroller;bit-flip injection;code emulating upset;digital architecture;error rate;microprocessor;radiation environment;Digital signal processors;Digital systems;Error analysis;Lips;Microcontrollers;Microprocessors;Particle beams;Registers;Single event upset;Testing},
doi={10.1109/23.903784},
ISSN={0018-9499},
month={Dec},}

@INPROCEEDINGS{qiang2015,
author={Qiang Guan and DeBardeleben, N. and Artkinson, B. and Robey, R. and Jones, W.M.},
booktitle={Cluster Computing (CLUSTER), 2015 IEEE International Conference on},
title={Towards Building Resilient Scientific Applications: Resilience Analysis on the Impact of Soft Error and Transient Error Tolerance with the CLAMR Hydrodynamics Mini-App},
year={2015},
pages={176-179},
keywords={checkpointing;fault diagnosis;parallel processing;software fault tolerance;CLAMR hydrodynamics mini-app;HPC;checkpoint-restart fault tolerance approach;conservation of mass law;fault detection mechanism;high performance computing;resilient scientific applications;soft error tolerance;transient error tolerance;Checkpointing;Computer crashes;Event detection;Fault detection;Fault tolerance;Fault tolerant systems;Resilience},
doi={10.1109/CLUSTER.2015.35},
month={Sept},}

@inproceedings{Li2012,
 author = {Li, Dong and Vetter, Jeffrey S. and Yu, Weikuan},
 title = {Classifying Soft Error Vulnerabilities in Extreme-scale Scientific Applications Using a Binary Instrumentation Tool},
 booktitle = {Proceedings of the International Conference on High Performance Computing, Networking, Storage and Analysis},
 series = {SC '12},
 year = {2012},
 isbn = {978-1-4673-0804-5},
 location = {Salt Lake City, Utah},
 pages = {57:1--57:11},
 articleno = {57},
 numpages = {11},
 url = {http://dl.acm.org/citation.cfm?id=2388996.2389074},
 acmid = {2389074},
 publisher = {IEEE Computer Society Press},
 address = {Los Alamitos, CA, USA},
}

@inproceedings{Braun2014,
 author = {Braun, Claus and Halder, Sebastian and Wunderlich, Hans Joachim},
 title = {A-ABFT: Autonomous Algorithm-Based Fault Tolerance for Matrix Multiplications on Graphics Processing Units},
 booktitle = {Proceedings of the 2014 44th Annual IEEE/IFIP International Conference on Dependable Systems and Networks},
 series = {DSN '14},
 year = {2014},
 isbn = {978-1-4799-2233-8},
 pages = {443--454},
 numpages = {12},
 url = {http://dx.doi.org/10.1109/DSN.2014.48},
 doi = {10.1109/DSN.2014.48},
 acmid = {2672436},
 publisher = {IEEE Computer Society},
 address = {Washington, DC, USA},
 keywords = {Algorithm-Based Fault Tolerance, ABFT, Rounding Error Estimation, GPU, Matrix Multiplication},
}

@INPROCEEDINGS{Wadden2014,
author={J. Wadden and A. Lyashevsky and S. Gurumurthi and V. Sridharan and K. Skadron},
booktitle={2014 ACM/IEEE 41st International Symposium on Computer Architecture (ISCA)},
title={Real-world design and evaluation of compiler-managed GPU redundant multithreading},
year={2014},
pages={73-84},
keywords={graphics processing units;multi-threading;parallel machines;performance evaluation;power aware computing;program compilers;redundancy;GPGPU kernels;GPU hardware;automatic software RMT;compiler-managed GPU redundant multithreading;interthread communication;performance evaluation;power evaluation;real-world design;real-world evaluation;redundant work scheduling;redundantly computation;redundantly threaded kernels;register-level thread communication;Computer architecture;Graphics processing units;Hardware;Kernel;Registers;Reliability},
doi={10.1109/ISCA.2014.6853227},
ISSN={1063-6897},
month={June},}

@ARTICLE{Santini2016,
author={T. Santini and L. Carro and F. Rech Wagner and P. Rech},
journal={IEEE Transactions on Nuclear Science},
title={Reliability Analysis of Operating Systems and Software Stack for Embedded Systems},
year={2016},
volume={63},
number={4},
pages={2225-2232},
keywords={Linux;embedded systems;failure analysis;high energy physics instrumentation computing;Linux kernel;Linux-induced SEFI rate;OS software stack masking effect;SDC rate;SoC;abstraction layer;cache conflicts;embedded system;embedded systems-on-chip;failure rate;functional interruption rate;general purpose operating system;neutron-induced error rate;operating system;reliability analysis;silent data corruption rate;software stack;system reliability;underlying operating system;Embedded systems;Linux;Metals;Software reliability;Neutron radiation effects;operating systems;software reliability},
doi={10.1109/TNS.2015.2513384},
ISSN={0018-9499},
month={Aug},}

@ARTICLE{FinFET,
author={Jinhyun Noh and Correas, V. and Soonyoung Lee and Jongsung Jeon and Nofal, I. and Cerba, J. and Belhaddad, H. and Alexandrescu, D. and YoungKeun Lee and Kwon, S.},
journal={Nuclear Science, IEEE Transactions on},
title={Study of Neutron Soft Error Rate (SER) Sensitivity: Investigation of Upset Mechanisms by Comparative Simulation of FinFET and Planar MOSFET SRAMs},
year={2015},
volume={62},
number={4},
pages={1642-1649},
keywords={MOSFET circuits;SRAM chips;technology CAD (electronics);FinFET devices;MOSFET;SRAM;TCAD;TFIT;neutron soft error rate sensitivity;semiconductor devices;transistor;Computational modeling;Doping;FinFETs;Neutrons;Sensitivity;Substrates;FinFET;SRAM;TFIT;neutrons;planar MOSFET;sensitive volume;simulation tool;single event upset (SEU);soft error rate (SER);terrestrial radiation effects},
doi={10.1109/TNS.2015.2450997},
ISSN={0018-9499},
month={Aug},}

%Flash memory
@ARTICLE{Fogle2014,
author={A. D. Fogle and Don Darling and R. C. Blish and E. Daszko},
journal={IEEE Transactions on Device and Materials Reliability},
title={Flash memory under cosmic and alpha irradiation},
year={2004},
volume={4},
number={3},
pages={371-376},
keywords={CMOS memory circuits;NOR circuits;alpha-particle effects;cosmic rays;flash memories;neutron effects;CMOS memory integrated circuits;NOR flash memory;ONO floating gate MirrorBit;alpha irradiation;alpha particle irradiation;alpha particle radiation effects;conventional floating polySi gate;cosmic ray jeopardy;neutron irradiation;neutron radiation effects;proton irradiation;proton radiation effects;simulated cosmic rays;soft error failure rate;Alpha particles;Cosmic rays;Error analysis;Flash memory;Neutrons;Packaging;Protons;Random access memory;Sea measurements;Testing},
doi={10.1109/TDMR.2004.834054},
ISSN={1530-4388},
month={Sept},}

@INPROCEEDINGS{Bagatin2014,
author={M. Bagatin and S. Gerardin and A. Paccagnella and A. Visconti and L. Chiavarone and M. Calabrese and C. D. Frost},
booktitle={Reliability Physics Symposium, 2014 IEEE International},
title={Sensitivity of NOR Flash memories to wide-energy spectrum neutrons during accelerated tests},
year={2014},
pages={5F.3.1-5F.3.6},
keywords={NAND circuits;NOR circuits;flash memories;sensitivity;FG memories;NAND flash memories;NOR architecture;accelerated neutron beams;accelerated tests;floating gate memories;irradiated cells;multilevel cell architecture;sensitivity;single-level cell architecture;tail distributions;threshold voltage shifts;wide-energy spectrum neutrons;Computer architecture;Flash memories;Life estimation;Microprocessors;Neutrons;Radiation effects;Threshold voltage;Error Correction Codes;Floating-gate Cells;Neutrons;Soft Errors},
doi={10.1109/IRPS.2014.6861094},
month={June},}

@INPROCEEDINGS{Just2013,
author={G. Just and J. L. Autran and S. Serre and D. Munteanu and S. Sauze and A. Regnier and J. L. Ogier and P. Roche and G. Gasiot},
booktitle={Reliability Physics Symposium (IRPS), 2013 IEEE International},
title={Soft errors induced by natural radiation at ground level in floating gate flash memories},
year={2013},
pages={3D.4.1-3D.4.8},
keywords={Monte Carlo methods;NOR circuits;flash memories;ASTEP platform;Monte Carlo simulation;NOR flash memories;TIARA-G4 code;atmospheric neutrons;charge loss;floating-gate devices;ground level;memory SER;mountain altitude;natural radiation;physical model;size 90 nm;soft errors;terrestrial radiation;wafer-level;Adaptation models;Atmospheric modeling;Flash memories;Integrated circuit modeling;Neutrons;Nonvolatile memory;Semiconductor device modeling;Soft-error rate;atmospheric neutrons;flash memory;non-volatile memory;real-time testing;single-event upset},
doi={10.1109/IRPS.2013.6531992},
ISSN={1541-7026},
month={April},}


@IEEEtranBSTCTL{IEEEexample:BSTcontrol,
  CTLuse_forced_etal= "yes",
  CTLmax_names_forced_etal= "2",
  CTLnames_show_etal= "1"
}

@article{siddha2007,
  title={Multi-core and Linux kernel},
  author={Siddha, Suresh},
  journal={Intel Inc},
  year={2007},
  publisher={Citeseer}
}

@book{akhter2006,
  title={Multi-core programming},
  author={Akhter, Shameen and Roberts, Jason},
  volume={33},
  year={2006},
  publisher={Intel press Hillsboro}
}

@INPROCEEDINGS{zang2007,
author={Wangyuan Zhang and Xin Fu and Tao Li and Fortes, J.},
booktitle={Performance Analysis of Systems Software, 2007. ISPASS 2007. IEEE International Symposium on},
title={An Analysis of Microarchitecture Vulnerability to Soft Errors on Simultaneous Multithreaded Architectures},
year={2007},
pages={169-178},
keywords={multi-threading;performance evaluation;program diagnostics;SPEC CPU 2000 benchmark;fetch policy;microarchitecture reliability profile;microarchitecture structure;microarchitecture vulnerability;microprocessor reliability;multithreading architecture;processor throughput;semiconductor transient fault;simultaneous multithreaded architecture;soft error vulnerability analysis;thread-aware reliability optimization;thread-level parallelism;Computer architecture;Computer errors;Hardware;Microarchitecture;Microprocessors;Multithreading;Semiconductor device reliability;Surface-mount technology;Throughput;Yarn},
doi={10.1109/ISPASS.2007.363747},
month={April},
}

@misc{kepler2015,
author={},
title={{Kepler Tuning Guide :: CUDA Toolkit Documentation}},
howpublished={\url{http://docs.nvidia.com/cuda/kepler-tuning-guide/}},
urldate={2015-9-7},
year={2015}
}

@misc{nvprof2015,
author={},
title={{Profiler User's Guide}},
howpublished={\url{http://docs.nvidia.com/cuda/profiler-users-guide/}},
urldate={2015-9-7},
year={2015}
}



@misc{cudaProgGuide,
author={},
title={{CUDA C Programming Guide}},
howpublished={\url{http://docs.nvidia.com/cuda/cuda-c-programming-guide/}},
urldate={2015-9-7},
year={2015}
}

@article{wittenbrink2011,
  title={{Fermi GF100 GPU architecture}},
  author={Wittenbrink, Craig M and Kilgariff, Emmett and Prabhu, Arjun},
  journal={IEEE Micro},
  number={2},
  pages={50--59},
  year={2011},
  publisher={IEEE}
}

@incollection{maitre2013,
  title={{Understanding NVIDIA GPGPU Hardware}},
  author={Maitre, Ogier},
  booktitle={Massively Parallel Evolutionary Computation on GPGPUs},
  pages={15--34},
  year={2013},
  publisher={Springer}
}

@article{passerat2015,
  title={{Warp-level parallelism: Enabling multiple replications in parallel
      on GPU}},
  author={Passerat-Palmbach, Jonathan and Caux, Jonathan and Siregar, Pridi and Mazel, Claude and Hill, David},
  journal={arXiv preprint arXiv:1501.01405},
  year={2015}
}


@inproceedings{Kost2009,
    title = {{Characterizing the Use of Program Vulnerability Factors for
        Studying Transient Fault Tolerance in Multi-core Architectures}},
    author = {Rob Kost and Dan Connors},
    booktitle = {{Proceedings of the Second workshop on Compiler and
        Architectural Techniques for Application Reliability and Security}},
    year = {2009},
}

@inproceedings{Sridharan2009,
    author = {V. Sridharan and D. R. Kaeli},
    title = {{Quantifying Software Vulnerability}},
    booktitle = {{Proceedings of the 2009
Workshop on Radiation Effects and Fault Tolerance in nanometer technologies}},
    series = {WREFT '08},
    year = {2008},
}

@inproceedings{AVF,
 author = {Mukherjee, Shubhendu S. and Weaver, Christopher and Emer, Joel and Reinhardt, Steven K. and Austin, Todd},
 title = {A Systematic Methodology to Compute the Architectural Vulnerability Factors for a High-Performance Microprocessor},
 booktitle = {Proceedings of the 36th Annual IEEE/ACM International Symposium on Microarchitecture},
 series = {MICRO 36},
 year = {2003},
 isbn = {0-7695-2043-X},
 pages = {29--},
 url = {http://dl.acm.org/citation.cfm?id=956417.956570},
 acmid = {956570},
 publisher = {IEEE Computer Society},
 address = {Washington, DC, USA},
}

@inproceedings{PVF,
    author = {V. Sridharan and D. R. Kaeli},
    title = {{The effect of input data on
program vulnerability}},
    booktitle = {{Proceedings of the 2009
Workshop on Silicon Errors in Logic and System Effects}},
    series = {SELSE '09},
    year = {2009},
}

@inproceedings{GangES,
    author = {S. Hari and R. Venkatagiri and S. Adve and H. Naeimi},
    title = {{TGangES: Gang Error Simulation for Hardware Resiliency Evaluation}},
    booktitle = {{Proceeding of the 41st annual international symposium on Computer architecuture}},
    series = {ISCA '14},
    year = {2014},
}

@inproceedings{asadi05,
author = {Asadi, G.-H. and others},
title = {Balancing Performance and Reliability in the Memory Hierarchy},
booktitle = {Proceedings of the IEEE International Symposium on Performance Analysis of Systems and Software, 2005},
series = {ISPASS '05},
year = {2005},
isbn = {0-7803-8965-4},
numpages = {11},
doi = {10.1109/ISPASS.2005.1430581},
acmid = {1318418},
publisher = {IEEE Computer Society},
address = {Washington, DC, USA},
}

@article{RechJetta14,
 author = {Rech, P. and Frost, C. and Carro, L.},
 title = {GPUs Neutron Sensitivity Dependence on Data Type},
 journal = {J. Electron. Test.},
 issue_date = {June      2014},
 volume = {30},
 number = {3},
 month = jun,
 year = {2014},
 issn = {0923-8174},
 pages = {307--316},
 numpages = {10},
 url = {http://dx.doi.org/10.1007/s10836-014-5456-6},
 doi = {10.1007/s10836-014-5456-6},
 acmid = {2644695},
 publisher = {Kluwer Academic Publishers},
 address = {Norwell, MA, USA},
 keywords = {Data types, GPU, Neutron radiation testing, Precision, Reliability},
}

@article{Cooley1965,
    author = {Cooley, James W. and Tukey, John W.},
    citeulike-article-id = {13450600},
    citeulike-linkout-0 = {http://www.jstor.org/stable/2003354},
    journal = {Mathematics of Computation},
    keywords = {*file-import-14-12-02},
    number = {90},
    posted-at = {2014-12-02 16:01:00},
    priority = {2},
    publisher = {American Mathematical Society},
    title = {{An Algorithm for the Machine Calculation of Complex Fourier Series}},
    url = {http://www.jstor.org/stable/2003354},
    volume = {19},
    year = {1965}
}

@article{volkov2008fitting,
    author = {Volkov, Vasily and Kazian, Brian},
    citeulike-article-id = {13450677},
    journal = {University of California, Berkeley},
    posted-at = {2014-12-02 17:21:42},
    priority = {2},
    title = {{Fitting FFT onto the G80 architecture}},
    volume = {40},
    year = {2008}
}

@inproceedings{Volkov2008,
    author = {Volkov, V. and Demmel, J. W.},
    booktitle = {Proceedings of the 2008 ACM/IEEE conference on
    Supercomputing},
    number = {November},
    pages = {1--11},
    posted-at = {2010-07-27 14:13:25},
    priority = {3},
    publisher = {IEEE Press},
    title = {{Benchmarking GPUs to
    tune dense linear
    algebra}},
    url =
    {http://portal.acm.org/citation.cfm?id=1413402},
    year = {2008}
}

@inproceedings{Reis2005,
    author = {Reis, G.A. and Chang, J. and Vachharajani, N. and Mukherjee, S.S.},
    booktitle = {Proceedings of the 2005 International Symposium on Computer Architecture, ISCA'05},
    pages = {148--159},
    publisher = {IEEE Press},
    title = {{Design and evaluation of hybrid fault-detection systems}},
    year = {2005}
}

@inproceedings{Stephenson2015,
 author = {Stephenson, Mark and Sastry Hari, Siva Kumar and Lee, Yunsup and Ebrahimi, Eiman and Johnson, Daniel R. and Nellans, David and O'Connor, Mike and Keckler, Stephen W.},
 title = {{Flexible Software Profiling of GPU Architectures}},
 booktitle = {Proceedings of the 42Nd Annual International Symposium on Computer Architecture},
 series = {ISCA '15},
 year = {2015},
 isbn = {978-1-4503-3402-0},
 location = {Portland, Oregon},
 pages = {185--197},
 numpages = {13},
 doi = {10.1145/2749469.2750375},
 acmid = {2750375},
 publisher = {ACM},
 address = {New York, NY, USA},
}
url = {http://doi.acm.org/10.1145/2749469.2750375},

@inproceedings{Weaver2004,
    author = {Weaver, C. and Emer, J. and Mukherjee, S.S. and Reinhardt, S.K.},
    booktitle = {Proceedings of the 2005 International Symposium on Computer Architecture, ISCA'04},
    pages = {264--275},
    publisher = {IEEE Press},
    title = {{Techniques to reduce the soft error rate of a high-performance microprocessor}},
    year = {2004}
}



@inproceedings{liang2006bluegene,
  title={BlueGene/L failure analysis and prediction models},
  author={Liang, Yinglung and Zhang, Yanyong and Jette, Morris and Sivasubramaniam, Anand and Sahoo, Ramendra},
  booktitle={Dependable Systems and Networks, 2006. DSN 2006. International Conference on},
  pages={425--434},
  year={2006},
  organization={IEEE}
}

@inproceedings{toptenexascale,
  title={Top Ten Exascale Research Challenges},
  author={Lucas, Robert},
  booktitle={DOE ASCAC Subcommittee Report},
  year={2014},
}

@inproceedings{ibe2006spreading,
  title={Spreading diversity in multi-cell neutron-induced upsets with device scaling},
  author={Ibe, Eishi and Chung, SS and Wen, ShiJie and Yamaguchi, H and Yahagi, Y and Kameyama, H and Yamamoto, S and Akioka, T},
  booktitle={Custom Integrated Circuits Conference, 2006. CICC'06. IEEE},
  pages={437--444},
  year={2006},
  organization={IEEE}
}

@inproceedings{pecchia2011improving,
  title={Improving log-based field failure data analysis of multi-node computing systems},
  author={Pecchia, Antonio and Cotroneo, Domenico and Kalbarczyk, Zbigniew and Iyer, Ravishankar K},
  booktitle={Dependable Systems \& Networks (DSN), 2011 IEEE/IFIP 41st International Conference on},
  pages={97--108},
  year={2011},
  organization={IEEE}
}

@inproceedings{di2013one,
  title={One size does not fit all: Clustering supercomputer failures using a multiple time window approach},
  author={Di Martino, Catello},
  booktitle={Supercomputing},
  pages={302--316},
  year={2013},
  organization={Springer}
}

@inproceedings{chen2013predicting,
  title={Predicting job completion times using system logs in supercomputing clusters},
  author={Chen, Xin and Lu, Charng-Da and Pattabiraman, Karthik},
  booktitle={Dependable Systems and Networks Workshop (DSN-W), 2013 43rd Annual IEEE/IFIP Conference on},
  pages={1--8},
  year={2013},
  organization={IEEE}
}

@article{dilessons,
  title={Lessons Learned From the Analysis of System Failures at Petascale: The Case of Blue Waters},
  year={2014},
  author={Di Martino, Catello and Baccanico, F and Kramer, W and Fullop, J and Kalbarczyk, Z and Iyer, R},
  journal={44th international}
}

@inproceedings{gainaru2012fault,
  title={Fault prediction under the microscope: A closer look into HPC systems},
  author={Gainaru, Ana and Cappello, Franck and Snir, Marc and Kramer, William},
  booktitle={Proceedings of the International Conference on High Performance Computing, Networking, Storage and Analysis},
  pages={77},
  year={2012},
  organization={IEEE Computer Society Press}
}

@inproceedings{di2012assessing,
  title={Assessing time coalescence techniques for the analysis of supercomputer logs},
  author={Di Martino, Catello and Cinque, Marcello and Cotroneo, Domenico},
  booktitle={Dependable Systems and Networks (DSN), 2012 42nd Annual IEEE/IFIP International Conference on},
  pages={1--12},
  year={2012},
  organization={IEEE}
}

@inproceedings{oliner2007supercomputers,
  title={What supercomputers say: A study of five system logs},
  author={Oliner, Adam and Stearley, Jon},
  booktitle={Dependable Systems and Networks, 2007. DSN'07. 37th Annual IEEE/IFIP International Conference on},
  pages={575--584},
  year={2007},
  organization={IEEE}
}

@inproceedings{liang2005filtering,
  title={Filtering failure logs for a bluegene/l prototype},
  author={Liang, Yinglung and Zhang, Yanyong and Sivasubramaniam, Anand and Sahoo, Ramendra K and Moreira, Jose and Gupta, Manish},
  booktitle={Dependable Systems and Networks, 2005. DSN 2005. Proceedings. International Conference on},
  pages={476--485},
  year={2005},
  organization={IEEE}
}

@inproceedings{schroeder2007computer,
  title={The computer failure data repository (CFDR)},
  author={Schroeder, Bianca and Gibson, Garth A},
  booktitle={Workshop on Reliability Analysis of System Failure Data (RAF'07), MSR Cambridge, UK},
  year={2007}
}

@inproceedings{dixit2011impact,
  title={The impact of new technology on soft error rates},
  author={Dixit, Anand and Wood, Alan},
  booktitle={Reliability Physics Symposium (IRPS), 2011 IEEE International},
  pages={5B--4},
  year={2011},
  organization={IEEE}
}

@article{cappello2009fault,
  title={Fault tolerance in petascale/exascale systems: Current knowledge, challenges and research opportunities},
  author={Cappello, Franck},
  journal={International Journal of High Performance Computing Applications},
  volume={23},
  number={3},
  pages={212--226},
  year={2009},
  publisher={Sage Publications}
}

@article{ibe2010mbu,
  title={Impact of Scaling on Neutron-Induced Soft Error in SRAMs From a 250 nm to a 22 nm Design Rule},
  author={Ibe, E. and Taniguchi, H. and Yahagi, Y. and Shimbo, K. and Toba, T. },
  journal={Electron Devices, IEEE Transactions on},
  volume={57},
  number={7},
  pages={1527--1538},
  year={2010},
  publisher={IEEE},
  doi = {10.1109/TED.2010.2047907},
  issn = {0018-9383}
}

@article{Needleman69,
  title={A general method applicable to the search for similarities in the amino acid sequence of two proteins},
  author={Needleman, S.B., Wunsch C.D.},
  journal={Journal of Molecular Biology},
  volume={48},
  number={2},
  pages={443--453},
  year={1969},
  doi = {110.1016/0022-2836(70)90057-4}
}

@inproceedings{schroeder2007disk,
  title={Disk failures in the real world: What does an MTTF of 1, 000, 000 hours mean to you?},
  author={Schroeder, Bianca and Gibson, Garth A},
  booktitle={FAST},
  volume={7},
  pages={1--16},
  year={2007},
}

@inproceedings{schroeder2009dram,
  title={DRAM errors in the wild: a large-scale field study},
  author={Schroeder, Bianca and Pinheiro, Eduardo and Weber, Wolf-Dietrich},
  booktitle={ACM SIGMETRICS Performance Evaluation Review},
  volume={37},
  number={1},
  pages={193--204},
  year={2009},
  organization={ACM}
}

@misc{pm830,
 author = {},
 title = {Samsung PM830},
 howpublished = {\url{http://tinyurl.com/co9zyq7}},
 }

@misc{xiderror,
 author = {},
 title = {Understanding XID Errors},
 url = {http://docs.nvidia.com/deploy/xid-errors/index.html},
 }

@misc{k20xmtbf,
 author = {},
 title = {{Tesla K20 GPU Accelerator, Board Specification}},
 url = {http://www.nvidia.com/content/PDF/kepler/Tesla-K20-Passive-BD-06455-001-v07.pdf},
 }

 @misc{k40,
 author = {NVIDIA},
 title = {{NVIDIAs Next Generation CUDA Compute Architecture: Kepler GK110}},
 url = {http://www.nvidia.com/content/PDF/kepler/NVIDIA-Kepler-GK110-Architecture-Whitepaper.pdf},
 year = {2015},
 }

 @misc{xeonphi,
 author = {Intel},
 title = {{An Overview of Programming for Intel Xeon processors and Intel Xeon Phi coprocessors}},
 url =
 {http://download.intel.com/newsroom/kits/xeon/phi/pdfs/overview-programming-intel-xeon-intel-xeon-phi-coprocessors.pdf},
 }


 @misc{xeonphi2,
 author = {Intel},
 title = {{Intel Xeon Phi Coprocessor System Software Developers Guide}},
 url = {https://software.intel.com/sites/default/files/managed/09/07/xeon-phi-coprocessor-system-software-developers-guide.pdf},
 year = {2014},
 }


@article{bergman2008exascale,
  title={Exascale computing study: Technology challenges in achieving exascale systems},
  author={Bergman, Keren and Borkar, Shekhar and Campbell, Dan and Carlson, William and Dally, William and Denneau, Monty and Franzon, Paul and Harrod, William and Hill, Kerry and Hiller, Jon and others},
  journal={Defense Advanced Research Projects Agency Information Processing Techniques Office (DARPA IPTO), Tech. Rep},
  year={2008}
}

@article{bagatin2012temperature,
  title={Temperature dependence of neutron-induced soft errors in SRAMs},
  author={Bagatin, M and Gerardin, Simone and Paccagnella, Alessandro and Andreani, C and Gorini, G and Frost, CD},
  journal={Microelectronics Reliability},
  volume={52},
  number={1},
  pages={289--293},
  year={2012},
  publisher={Elsevier}
}

@article{bruni2014temperature,
  title={Temperature Effects on Soft Error Rate Due to Atmospheric Neutrons on 28 nm FPGAs},
  author={Bruni, Giovanni},
  year={2014}
}

@article{hwang2012cosmic,
  title={Cosmic rays don't strike twice: understanding the nature of DRAM errors and the implications for system design},
  author={Hwang, Andy A and Stefanovici, Ioan A and Schroeder, Bianca},
  journal={ACM SIGPLAN Notices},
  volume={47},
  number={4},
  pages={111--122},
  year={2012},
  publisher={ACM}
}

@article{li1994low,
  title={Low-latency, concurrent checkpointing for parallel programs},
  author={Li, Kai and Naughton, Jeffrey F. and Plank, James S.},
  journal={Parallel and Distributed Systems, IEEE Transactions on},
  volume={5},
  number={8},
  pages={874--879},
  year={1994},
  publisher={IEEE}
}

@article{lin1990error,
  title={Error log analysis: Statistical modeling and heuristic trend analysis},
  author={Lin, T-TY and Siewiorek, Daniel P},
  journal={Reliability, IEEE Transactions on},
  volume={39},
  number={4},
  pages={419--432},
  year={1990},
  publisher={IEEE}
}

@inproceedings{sahoo2004failure,
  title={Failure data analysis of a large-scale heterogeneous server environment},
  author={Sahoo, Ramendra K and Squillante, Mark S and Sivasubramaniam, A and Zhang, Yanyong},
  booktitle={Dependable Systems and Networks, 2004 International Conference on},
  pages={772--781},
  year={2004},
  organization={IEEE}
}

@article{plank1998diskless,
  title={Diskless checkpointing},
  author={Plank, James S and Li, Kai and Puening, Michael A},
  journal={Parallel and Distributed Systems, IEEE Transactions on},
  volume={9},
  number={10},
  pages={972--986},
  year={1998},
  publisher={IEEE}
}

@misc{ksreference,
 author = {DeGroot Morris H. and Mark J. Schervish},
 title = {Probability and Statistics. 3rd ed. Boston, MA: Addison-Wesley, 2002},
 }


@inproceedings{bent2012storage,
  title={Storage Challenges at Los Alamos National Lab},
  author={Bent, John and Grider, Gary and Kettering, Brett and Manzanares, Adam and McClelland, Meghan and Torres, Aaron and Torrez, Alfred},
  booktitle={Mass Storage Systems and Technologies (MSST), 2012 IEEE 28th Symposium on},
  pages={1--5},
  year={2012},
  organization={IEEE}
}

 @inproceedings{manzanares2012power,
  title={The power and challenges of transformative i/o},
  author={Manzanares, Adam and Bent, John and Wingate, Meghan and Gibson, Garth},
  booktitle={Cluster Computing (CLUSTER), 2012 IEEE International Conference on},
  pages={144--154},
  year={2012},
  organization={IEEE}
}


@article{ddntool,
  title={Monitoring tools for large scale systems},
  author={Miller, Ross and Hill, Jason and DDA, G Raghul and Shipman, GM and Maxwell, D},
  journal={CUG’10},
  year={2010}
}

@inproceedings{blcr,
  title={Berkeley lab checkpoint/restart (blcr) for linux clusters},
  author={Hargrove, Paul H and Duell, Jason C},
  booktitle={Journal of Physics: Conference Series},
  volume={46},
  number={1},
  pages={494},
  year={2006},
  organization={IOP Publishing}
}

@incollection{shalf2011exascale,
  title={Exascale computing technology challenges},
  author={Shalf, John and Dosanjh, Sudip and Morrison, John},
  booktitle={High Performance Computing for Computational Science--VECPAR 2010},
  pages={1--25},
  year={2011},
  publisher={Springer}
}

@article{dongarra2011international,
  title={The international exascale software project roadmap},
  author={Jack Dongarra},
  journal={International Journal of High Performance Computing Applications},
  volume={25},
  number={1},
  pages={3--60},
  year={2011},
  publisher={SAGE Publications}
}


 @article{appcr,
  title={An Adaptive Checkpoint/Restart Library for Large Scale HPC Applications},
  author={Hursey, Joshua  and Scott S. Hampton and  Agarwal, Pratul  and Lumsdaine, Andrew},
  journal={14th SIAM Conference on Parallel Processing and Scientific Computing, },
  year={2010},
}


 @article{vaidya1997impact,
  title={Impact of checkpoint latency on overhead ratio of a checkpointing scheme},
  author={Vaidya, Nitin H.},
  journal={Computers, IEEE Transactions on},
  volume={46},
  number={8},
  pages={942--947},
  year={1997},
  publisher={IEEE}
}

@inproceedings{plank1998experimental,
  title={Experimental assessment of workstation failures and their impact on checkpointing systems},
  author={Plank, James S and Elwasif, Wael R},
  booktitle={Fault-Tolerant Computing, 1998. Digest of Papers. Twenty-Eighth Annual International Symposium on},
  pages={48--57},
  year={1998},
  organization={IEEE}
}

@inproceedings{oldfield2007modeling,
  title={Modeling the impact of checkpoints on next-generation systems},
  author={Oldfield, Ron A and Arunagiri, Sarala and Teller, Patricia J and Seelam, Seetharami and Varela, Maria Ruiz and Riesen, Rolf and Roth, Philip C},
  booktitle={Mass Storage Systems and Technologies, 2007. MSST 2007. 24th IEEE Conference on},
  pages={30--46},
  year={2007},
  organization={IEEE}
}

@inproceedings{liu2008optimal,
  title={An optimal checkpoint/restart model for a large scale high performance computing system},
  author={Liu, Yudan and Nassar, Raja and Leangsuksun, Chokchai and Naksinehaboon, Nichamon and Paun, Mihaela and Scott, Stephen L},
  booktitle={Parallel and Distributed Processing, 2008. IPDPS 2008. IEEE International Symposium on},
  pages={1--9},
  year={2008},
  organization={IEEE}
}


@article{integer,
  title={GPUs Neutron Sensitivity Dependence on Data Type},
  author={Rech, Paolo and Frost, Christopher and Carro, Luigi},
  journal={Journal of Electronic Testing},
  volume={30},
  number={3},
  pages={307--316},
  year={2004},
  publisher={Springer}
}

@article{young1974first,
  title={A first order approximation to the optimum checkpoint interval},
  author={Young, John W},
  journal={Communications of the ACM},
  volume={17},
  number={9},
  pages={530--531},
  year={1974},
  publisher={ACM}
}

@article{daly2006higher,
  title={A higher order estimate of the optimum checkpoint interval for restart dumps},
  author={Daly, John T},
  journal={Future Generation Computer Systems},
  volume={22},
  number={3},
  pages={303--312},
  year={2006},
  publisher={Elsevier}
}

@inproceedings{agarwal2004adaptive,
  title={Adaptive incremental checkpointing for massively parallel systems},
  author={Agarwal, Saurabh and Garg, Rahul and Gupta, Meeta S and Moreira, Jose E},
  booktitle={Proceedings of the 18th annual international conference on Supercomputing},
  pages={277--286},
  year={2004},
  organization={ACM}
}

 @inproceedings{sato2012design,
  title={Design and modeling of a non-blocking checkpointing system},
  author={Sato, Kento and Maruyama, Naoya and Mohror, Kathryn and Moody, Adam and Gamblin, Todd and de Supinski, Bronis R and Matsuoka, Satoshi},
  booktitle={Proceedings of the International Conference on High Performance Computing, Networking, Storage and Analysis},
  pages={19},
  year={2012},
  organization={IEEE Computer Society Press}
}

 @inproceedings{riesen2012alleviating,
  title={Alleviating scalability issues of checkpointing protocols},
  author={Riesen, Rolf and Ferreira, Kurt and Da Silva, Duma and Lemarinier, Pierre and Arnold, Dorian and Bridges, Patrick G},
  booktitle={High Performance Computing, Networking, Storage and Analysis (SC), 2012 International Conference for},
  pages={1--11},
  year={2012},
  organization={IEEE}
}

@inproceedings{ferreira2011evaluating,
  title={Evaluating the viability of process replication reliability for exascale systems},
  author={Ferreira, Kurt and Stearley, Jon and Laros III, James H and Oldfield, Ron and Pedretti, Kevin and Brightwell, Ron and Riesen, Rolf and Bridges, Patrick G and Arnold, Dorian},
  booktitle={Proceedings of 2011 International Conference for High Performance Computing, Networking, Storage and Analysis},
  pages={44},
  year={2011},
  organization={ACM}
}

@inproceedings{moody2010design,
  title={Design, modeling, and evaluation of a scalable multi-level checkpointing system},
  author={Moody, Adam and Bronevetsky, Greg and Mohror, Kathryn and De Supinski, Bronis R},
  booktitle={High Performance Computing, Networking, Storage and Analysis (SC), 2010 International Conference for},
  pages={1--11},
  year={2010},
  organization={IEEE}
}

 @inproceedings{chen2011algorithm,
  title={Algorithm-based recovery for iterative methods without checkpointing},
  author={Chen, Zizhong},
  booktitle={Proceedings of the 20th international symposium on High performance distributed computing},
  pages={73--84},
  year={2011},
  organization={ACM}
}

@article{bosilca2009algorithm,
  title={Algorithm-based fault tolerance applied to high performance computing},
  author={Bosilca, George and Delmas, R{\'e}mi and Dongarra, Jack and Langou, Julien},
  journal={Journal of Parallel and Distributed Computing},
  volume={69},
  number={4},
  pages={410--416},
  year={2009},
  publisher={Elsevier}
}

 @article{du2012algorithm,
  title={Algorithm-based fault tolerance for dense matrix factorizations},
  author={Du, Peng and Bouteiller, Aurelien and Bosilca, George and Herault, Thomas and Dongarra, Jack},
  journal={ACM SIGPLAN Notices},
  volume={47},
  number={8},
  pages={225--234},
  year={2012},
  publisher={ACM}
}


 @inproceedings{elreading,
  title={Reading between the lines of failure logs: Understanding how HPC systems fail, {\sc DSN}},
  author={El-Sayed, Nosayba and Schroeder, Bianca},
  booktitle={DSN},
  year={2013},

}

@article{garth2006large,
  title={A Large-Scale Study of Failures in High-Performance Computing Systems},
  author={Garth, Bianca S},
  year={2006}
}

@article{schroeder2010large,
      title={A large-scale study of failures in high-performance computing systems},
        author={Schroeder, B and Gibson, Garth},
          journal={Dependable and Secure Computing, IEEE Transactions on},
            volume={7},
              number={4},
                pages={337--350},
                  year={2010},
                    publisher={IEEE}
}

@inproceedings{sridharan2013feng,
  title={Feng shui of supercomputer memory: positional effects in DRAM and SRAM faults},
  author={Sridharan, Vilas and Stearley, Jon and DeBardeleben, Nathan and Blanchard, Sean and Gurumurthi, Sudhanva},
  booktitle={Proceedings of SC13: International Conference for High Performance Computing, Networking, Storage and Analysis},
  pages={22},
  year={2013},
  organization={ACM}
}

 @inproceedings{schroeder2007understanding,
  title={Understanding failures in petascale computers},
  author={Schroeder, Bianca and Gibson, Garth A},
  booktitle={Journal of Physics: Conference Series},
  volume={78},
  number={1},
  pages={012022},
  year={2007},
  organization={IOP Publishing}
}

@inproceedings{bouguerra2013improving,
  title={Improving the computing efficiency of HPC systems using a combination of proactive and preventive checkpointing},
  author={Bouguerra, Mohamed Slim and Gainaru, Ana and Gomez, Leonardo Bautista and Cappello, Franck and Matsuoka, Satoshi and Maruyam, Naoya},
  booktitle={Parallel \& Distributed Processing (IPDPS), 2013 IEEE 27th International Symposium on},
  pages={501--512},
  year={2013},
  organization={IEEE}
}

@inproceedings{gainaru2011adaptive,
  title={Adaptive event prediction strategy with dynamic time window for large-scale HPC systems},
  author={Gainaru, Ana and Cappello, Franck and Fullop, Joshi and Trausan-Matu, Stefan and Kramer, William},
  booktitle={Managing Large-scale Systems via the Analysis of System Logs and the Application of Machine Learning Techniques},
  pages={4},
  year={2011},
  organization={ACM}
}


@inproceedings{gainaru2012taming,
  title={Taming of the Shrew: Modeling the Normal and Faulty Behaviour of Large-scale HPC Systems},
  author={Gainaru, Ana and Cappello, Franck and Kramer, William},
  booktitle={Parallel \& Distributed Processing Symposium (IPDPS), 2012 IEEE 26th International},
  pages={1168--1179},
  year={2012},
  organization={IEEE}
}

@inproceedings{Oliveira2017,
  title={{Radiation-Induced Error Criticality in Modern HPC Parallel Accelerators}},
  author={D. Oliveira and L. Pilla and M. Hanzich and V. Fratin and F Fernandes and C. Lunardi and J. Cela and P. Navaux and L. Carro and P. Rech},
  booktitle={Proceedings of 21st IEEE Symp. on High Performance Computer Architecture (HPCA)},
  year={2017},
  organization={ACM}
}

@inproceedings{bautista2011fti,
  title={FTI: high performance Fault Tolerance Interface for hybrid systems},
  author={Bautista-Gomez, Leonardo and Tsuboi, Seiji and Komatitsch, Dimitri and Cappello, Franck and Maruyama, Naoya and Matsuoka, Satoshi},
  booktitle={Proceedings of 2011 International Conference for High Performance Computing, Networking, Storage and Analysis},
  pages={32},
  year={2011},
  organization={ACM}
}

@inproceedings{tiwari2015,
  title={{Understanding GPU Errors on Large-scale HPC Systems and the
      Implications for System Design and Operation}},
  author={Tiwari, Devesh and Gupta, Saurabh and Rogers, Jim and Maxwell, Don and Rech, Paolo and Vazhkudai, Sudharshan and Oliveira, Daniel and Londo, Dave and Debardeleben, Nathan and Navaux, Philippe and Carro, Luigi and Bland, Arthur Buddy },
  booktitle={Proceedings of 21st IEEE Symp. on High Performance Computer Architecture (HPCA)},
  year={2015},
  organization={ACM}
}

@inproceedings{heien2011modeling,
  title={Modeling and tolerating heterogeneous failures in large parallel systems},
  author={Heien, Eric and Kondo, Derrick and Gainaru, Ana and LaPine, Dan and Kramer, Bill and Cappello, Franck},
  booktitle={High Performance Computing, Networking, Storage and Analysis (SC), 2011 International Conference for},
  pages={1--11},
  year={2011},
  organization={IEEE}
}

@inproceedings{nicolae2011blobcr,
  title={BlobCR: efficient checkpoint-restart for HPC applications on IaaS clouds using virtual disk image snapshots},
  author={Nicolae, Bogdan and Cappello, Franck},
  booktitle={Proceedings of 2011 International Conference for High Performance Computing, Networking, Storage and Analysis},
  pages={34},
  year={2011},
  organization={ACM}
}



@incollection{gainaru2011event,
  title={Event log mining tool for large scale HPC systems},
  author={Gainaru, Ana and Cappello, Franck and Trausan-Matu, Stefan and Kramer, Bill},
  booktitle={Euro-Par 2011 Parallel Processing},
  pages={52--64},
  year={2011},
  publisher={Springer}
}

 @misc{q6600,
 author = {},
 title = {Intel Core2 Quad Processors},
 howpublished ={\url{http://tinyurl.com/q6600core}},
  }

@misc{drambw,
 author = {},
 title = {Micron DRAM datasheet},
 howpublished = {\url{http://tinyurl.com/drambw}},
  }


   @inproceedings{nccs1,
 author = {},
 title = {Computational science requirements for leadership computing},
 year = {2007},
 howpublished = {\url{http://www.olcf.ornl.gov/wp-content/uploads/2010/03/ORNL\_TM-2007\_44.pdf}}
  }


 @inproceedings{nccs2,
 author = {},
 key = {ornl},
 title = {Preparing for Exascale: ORNL Leadership Computing Facility Application Requirements and Strategy},
 year = {2009},
 howpublished = {\url{http://www.olcf.ornl.gov/wp-content/uploads/2010/03/olcf-requirements.pdf}}

 }



  @article{activedisk,
 author = {Riedel et al.},
 title = "{Active storage for large scale data mining and multimedia applications}",
 journal = "In VLDB",
 year = {1998},
 }


  @article{wormhole,
 author = {William James Dally and Brian Towles},
 title = "{Principles and Practices of Interconnection Networks}",
 journal = "Morgan Kaufmann Publishers, Inc. ISBN 978-0-12-200751-4",
 year = {2004},
 }

   @article{activedisk2,
 author = {Acharya et al.},
 title = "{Active disks: programming model, algorithms and evaluation}",
 journal = "In ASPLOS",
 year = {1998},
 }


 @inproceedings{energycost,
 author = {},
 key = {kogge},
 title = {{ExaScale Computing Study: Technology Challenges in Achieving  Exascale Systems, Peter Kogge, Editor and Study Lead, 2008.}},
 }

  @article{datakernel1,
 author = {Ranger et al.},
 title = "{Evaluating mapreduce for multi-core and multiprocessor systems}",
 journal = "In HPCA",
 year = {2007},
 }


 @inproceedings{datakernel2,
 author = {},
 key = {gnu},
 title = {GNU Zip,  \url{http://www.gzip.org/}},
 }

  @inproceedings{datakernel3,
 author = {},
 key = {gnu},
 title = {GNU Grep,   \url{http://www.gnu.org/software/grep/}},

 }


  @article{ssdscan,
 author = {Kim et al.},
 title = "{Fast, Energy Efficient Scan inside Flash Memory Solid-State Drives}",
 journal = "In the International Workshop on Accelerating Data Management Systems (ADMS) with VLDB ",
 year = {2011},
 }



  @article{dthreads,
 author = {Liu et al.},
 title = "{Dthreads: Efficient Deterministic Multithreading}",
 journal = "In SOSP",
 year = {2011},
 }


  @article{dthreads,
 author = {Liu et al.},
 title = "{Dthreads: Efficient Deterministic Multithreading}",
 journal = "In SOSP",
 year = {2011},
 }

  @article{oopsla11,
 author = {Liu et al.},
 title = "{Precise Detection and Automatic Mitigation of False Sharing}",
 journal = "In OOPSLA",
 year = {2011},
 }

  @article{vee11,
 author = {Zhao et al.},
 title = "{Dynamic Cache Contention Detection in Multi-threaded Applications}",
 journal = "In VEE",
 year = {2011},
 }

   @article{hashfunc,
 author = {General Purpose Hashing Algorithms},
 title = "{http://tinyurl.com/4yx6azs}",
 }


@article{ipdpsmr,
 author = {Stuart et al.},
 title = "{Multi-GPU MapReduce on GPU Clusters}",
 journal = "In IPDPS",
 year = {2011},
 }

@article{ipdpsmr2,
 author = {Ji et al.},
 title = "{Using Shared Memory to Accelerate MapReduce on Graphics Processing Units}",
 journal = "In IPDPS",
 year = {2011},
 }



@article{ohiomr,
 author = {Jiang et al.},
 title = "{A Map-Reduce System with an Alternative API for Multi-Core Environments }",
 journal = "In CCGrid",
 year = {2010},
 }

@article{berkeleymr,
 author = {Asanovic et al.},
 title = "{The Landscape of Parallel Computing Research: A View from Berkeley}",
 journal = "Technical Report No. UCB/EECS-2006-183",
 year = {2006},
 }


@article{undergradmapreduce,
 author = {Johnson et al.},
 title = "{Infusing Parallelism into Introductory Computer Science using MapReduce}",
 journal = "SIGCSE, Technical Report No. UCB/EECS-2008-34",
 year = {2008},
 }

@article{lockfree,
 author = {Herlihy et al.},
 title = "{The art of multiprocessor programming}",
 journal = "Morgan Kaufmann",
 year = {2008},
 }

@article{multicore,
 author = {S. Borkar},
 title = "{Thousand core chips: a technology perspective}",
 journal = "In DAC",
 year = {2007},
 }

@article{datarace1,
 author = {Devietti et al.},
 title = "{DMP: Deterministic Shared Memory Multiprocessing}",
 journal = "In ASPLOS",
 year = {2009},
 }

@article{datarace2,
 author = {Torrellas et al.},
 title = "{The Bulk Multicore Architecture for Improved Programmability}",
 journal = "In CACM",
 year = {2009},
 }

@article{datarace3,
 author = {Bocchino et al.},
 title = "{Parallel Programming Must Be Deterministic by Default}",
 journal = "In HotPar",
 year = {2009},
 }

@article{phoenix1,
 author = {Ranger et al.},
 title = "{Evaluating mapreduce for multi-core and multiprocessor systems}",
 journal = "In HPCA",
 year = {2007},
 }



@article{phoenix2,
 author = {Yoo et al.},
 title = "{Phoenix Rebirth:Scalable MapReduce on a Large-Scale Shared-Memory System}",
 journal = "In IISWC",
 year = {2009},
 }

@article{phoenix3,
 author = {Talbot et al.},
 title = "{Phoenix++: Modular MapReduce for Shared-Memory Systems}",
 journal = "In the Workshop on MapReduce and its Applications (MAPREDUCE)",
 year = {2011},
 }


@article{tiledmr,
 author = {Chen et al.},
 title = "{Tiled-MapReduce: Optimizing Resource Usages of Data-parallel Applications on Multicore with Tiling}",
 journal = "In PACT",
 year = {2010},
 }


@article{mitmr,
 author = {Mao et al.},
 title = "{Optimizing MapReduce for Multicore Architectures}",
 journal = "MIT CSAIL Tech Report",
 year = {2010},
 }


@article{mars,
 author = {He et al.},
 title = "{Mars: a MapReduce framework on graphics processors}",
 journal = "In PACT",
 year = {2008},
 }



 @article{mapcg,
 author = {Hong et al.},
 title = "{MapCG: Writing Parallel Program Portable between CPU and GPU}",
 journal = "In PACT",
 year = {2010},
 }

 @article{fpga,
 author = {Shan et al.},
 title = "{FPMR: MapReduce framework on FPGA}",
 journal = "In FPGA",
 year = {2010},
 }

  @article{cellbe,
 author = {Kruijf et al.},
 title = "{MapReduce for the Cell BE Architecture}",
 journal = "University of Wisconsin-Madison, Tech. Rep.",
 year = {2007},
 }

  @article{mrgoogle,
 author = {Dean et al.},
 title = "{MapReduce: simplified data processing on large clusters}",
 journal = "CACM",
 year = {2008},
 }

 @article{mrintel,
 author = {Dubey et al.},
 title = "{Recognition, Mining, and Synthesis Moves Computers to the Era of Tera}",
 journal = "Technology@Intel Magazine",
 year = {2005},
 }

 @article{mrintel2,
 author = {Chen et al.},
 title = "{Map-reduce meets wider varieties of applications}",
 journal = "Intel Tech. Report IRP-TR-08-05",
 year = {2008},
 }

  @article{mrlearning,
 author = {Chen et al.},
 title = "{Map-reduce for machine learning on multicore}",
 journal = "In NIPS",
 year = {2006},
 }

@article{stirling,
 author = {DJC MacKay},
 title = "{Information theory, inference, and learning algorithms}",
 journal = "Cambridge University Press",
 year = {2003},
 }

 @article{pin,
 author = {Luk et al.},
 title = "{Pin: building customized program analysis tools with dynamic instrumentation}",
 journal = "In PLDI",
 year = {2005},
 }


 @article{upc,
 author = {Coarfa et al.},
 title = "{An evaluation of global address space languages: co-array fortran and unified parallel C}",
 journal = "In PPoPP",
 year = {2005},
 }

 @article{fortress,
 author = {Allen et al.},
 title = "{The Fortress Language Specification}",
 journal = "Sun Microsystems",
 year = {2005},
 }

 @article{chapel,
 author = {Cray},
 title = "{Chapel Specification,}",
 journal = "Feb.",
 year = {2005},
 }

 @article{x10,
 author = {Charles et al.},
 title = "{X10: an Object-oriented Approach to Non-uniform Cluster Computing}",
 journal = "In OOPSLA",
 year = {2005},
 }

 @article{dryad1,
 author = {Isard et al.},
 title = "{Dryad: distributed data-parallel programs from sequential}",
 journal = "In EuroSys",
 year = {2007},
 }

  @article{dryad2,
 author = {Yu et al.},
 title = "{DryadLINQ: A system for general-purpose distributed data-parallel computing using high-level language}",
 journal = "In OSDI",
 year = {2008},
 }

  @article{streamit,
 author = {Gordon et al.},
 title = "{A Stream Compiler for Communication-exposed Architecture}",
 journal = "In ASPLOS",
 year = {2002},
 }

  @article{cilk,
 author = {Frigo et al.},
 title = "{The Implementation of the Cilk-5 Multithreaded Language}",
 journal = "In PLDI",
 year = {1998},
 }


  @article{openmp,
 author = {Chandra et al.},
 title = "{Parallel Programming in OpenMP}",
 journal = "Morgan Kaufmann",
 year = {2000},
 }


  @article{oracle,
 author = {Big Data: In-Memory MapReduce},
 title = "{http://tinyurl.com/3q5qdk6}",
 }

  @article{amazon,
 author = {Amazon EC2.},
 title = "{http://aws.amazon.com/ec2/}",
 }

  @article{facebook,
 author = {Hive},
 title = "{http://hive.apache.org/}",
 }

   @article{yahoo,
 author = {Yahoo! Launches World’s Largest Hadoop Production Application},
 title = "{http://tinyurl.com/379bx9e}",

 }

   @article{diwan,
 author = {Mytkowicz et al.},
 title = "{Producing wrong data without doing anything obviously wrong!}",
 journal = "In ASPLOS",
 year = {2009},
 }


@inProceedings{shen07,
  author = "C. Li and C. Ding and K. Shen",
  title  = "{Quantifying The Cost of Context Switch}",
  journal ={Proc. of the 2007 Workshop on Experimental Computer Science},
  year = "2007"
}

@article{SecureC,
 author = {Seacord, R.},
 title = "{Secure Coding in C and C++}",
 year = {Addison-Wesley Professional, 2005},
 isbn = {9780768685923},
 publisher = {Addison-Wesley Professional},
 }


 @article{securedealloc,
 author = {J. Chow, B. Pfaff, T. Garfinkel and M. Rosenblum },
 title = "{ Shredding Your Garbage: Reducing Data Lifetime Through Secure Deallocation}",
 journal = "USENIX Security Symposium",
 year = {2005},
 }

 @article{secvunerability1,
 author = {US-CERT Advisory CA-1993-15 },
 title = "{http://www.cert.org/advisories/CA-1993-15.html}",

 }

 @article{secvunerability2,
 author = {US-CERT Vulnerability Note VU 650937  },
 title = "{http://www.kb.cert.org/vuls/id/650937l}",

 }

  @article{secvunerability3,
 author = {US-CERT Vulnerability Note VU 866472  },
 title = "{http://www.kb.cert.org/vuls/id/866472}",

 }



@article{Morethanthird,
 author = {Zorn,, Benjamin and Grunwald,, Dirk},
 title = "{Empirical measurements of six allocation-intensive C programs}",
 journal = "SIGPLAN Not.",
 year = {1992},
 }

@article{ CALPaper,
author = {W. Li and S. Mohanty and K. Kavi},
title = {"A Page-based Hybrid (Software-Hardware) Dynamic Memory Allocator"},
journal ="IEEE Computer Architecture Letters",
year = {2006},
}

@article{C++moreX,
 author = {D. Detlefs and Al. Dosser and B. Zorn},
 title = "{Memory allocation costs in large C and C++ programs}",
 journal = "Software Practice and Experience",
 year = {1994},
 }

 @article{C++more2,
 author = {B. Calder and D. Grunwald and B. Zorn},
 title = "{Quantifying behavioral differences between C and C++ programs}",
 journal = {Journal of Programming Languages},
 year = {1994},
  }

@InProceedings{PoolAllocUIUC,
    author    = {C. Lattner and V. Adve},
    title     = "{Automatic Pool Allocation: Improving Performance by Controlling Data Structure Layout in the Heap}",
    booktitle = "{PLDI, 2005}",
  }
@InProceedings{ReconsiderCustom,
    author = {E. D. Berger},
    title = "{Reconsidering custom memory allocation}",
    booktitle = "{OOPSLA,2002}",

}
@article{PoolAllocMIT,
 author = {Zhao,, Q and Rabbah,, R and Wong,, Weng-Fai},
 title = "{Dynamic memory optimization using pool allocation and prefetching}",
 journal = {SIGARCH Comput. Archit. News},
 year = {2005},

 }
@INPROCEEDINGS{DMMSurvey,
    author = {P. R. Wilson and Mark S. Johnstone and M. Neely and D. Boles},
    title = "{Dynamic storage allocation: A survey and critical review}",
    booktitle = {International Workshop on Memory Management},
    year = {1995},

}
@article{PredictRef,
    author = {Matthew L. Seidl and Benjamin G. Zorn },
    title = "{Predicting references to dynamically allocated objects}",
    journal = {CU-CS-826-97, University of Colorado at Boulder},
}
@article{Hansonlifetime,
 author = {Hanson,, D. R.},
 title = "{Fast allocation and deallocation of memory based on object lifetimes}",
 journal = {Softw. Pract. Exper.},
 year = {1990},

 }

@inproceedings{CacheLayout,
 author = {Chilimbi,, Trishul M. and Hill,, Mark D. and Larus,, James R.},
 title = "{Cache-conscious structure layout}",
 booktitle = {PLDI, 1999},
 }

@book{EfficientC++,
 author = {Bulka,, Dov and Mayhew,, David},
 title = {Efficient C++: performance programming techniques},
 year = {2000},
 isbn = {0-201-37950-3},
 publisher = {Addison-Wesley Longman Publishing Co., Inc.},
 address = {Boston, MA, USA},
 }
@book{EffectiveC++,
 author = {Meyers,, Scott},
 title = {More Effective C++: 35 New Ways to Improve Your Programs and Designs},
 year = {1995},
 isbn = {020163371X},
 publisher = {Addison-Wesley Longman Publishing Co., Inc.},
 address = {Boston, MA, USA},
 }
@article{C++inAction,
 author = {Frazer,, Ken},
 title = {C++ in action: industrial-strength programming techniques},
 journal = {SIGSOFT Softw. Eng. Notes},
 volume = {27},
 number = {5},
 year = {2002},
 issn = {0163-5948},
 pages = {104--105},
 doi = {http://doi.acm.org/10.1145/571681.571693},
 publisher = {ACM},
 address = {New York, NY, USA},
 }
@book{C++Bible,
 author = {Stroustrup,, Bjarne},
 title = {The  C++ Programming Language},
 year = {2000},
 isbn = {0201700735},
 publisher = {Addison-Wesley Longman Publishing Co., Inc.},
 address = {Boston, MA, USA},
 }
@ARTICLE{ZornGC,
    author = {Benjamin Zorn and Benjamin Zorn and Benjamin Zorn},
    title = {The Measured Cost of Conservative Garbage Collection},
    journal = {Software Practice and Experience},
    year = {1993},
    volume = {23},
    pages = {733--756}
}

@INPROCEEDINGS{quinn05,
    author={Quinn, H. and Graham, P.},
    booktitle={Field-Programmable Custom Computing Machines, 2005. FCCM 2005. 13th Annual IEEE Symposium
        on},
    title={Terrestrial-based radiation upsets: a cautionary tale},
    year={2005},
    pages={193-202},
    doi={10.1109/FCCM.2005.61},
}

@INPROCEEDINGS{ExplicitRegion,
    author = {David Gay and Alex Aiken},
    title = {Memory management with explicit regions},
    year = {1998},
    pages = {313--323}
}
@inproceedings{Valgrind,
 author = {Seward,, Julian and Nethercote,, Nicholas},
 title = {Using Valgrind to detect undefined value errors with bit-precision},
 booktitle = {ATEC '05: Proceedings of the annual conference on USENIX Annual Technical Conference},
 year = {2005},
 pages = {2--2},
 location = {Anaheim, CA},
 publisher = {USENIX Association},
 address = {Berkeley, CA, USA},
 }

@INPROCEEDINGS{Wilkening2014,
author={Wilkening, M. and Sridharan, V. and Si Li and Previlon, F. and Gurumurthi, S. and Kaeli, D.R.},
booktitle={Microarchitecture (MICRO), 2014 47th Annual IEEE/ACM International Symposium on},
title={Calculating Architectural Vulnerability Factors for Spatial Multi-Bit Transient Faults},
year={2014},
month={Dec},
pages={293-305},
keywords={SRAM chips;fault tolerant computing;graphics processing units;microprocessor chips;reliability;AVF analysis;DUE;GPU vector register file;SDC MB-AVF;SRAM faults;architectural vulnerability factors;detected uncorrected errors;fault modeling;microprocessors;multibit AVF analysis approach;reliability;silent data corruption MB-AVF;single-bit transient faults;spatial multibit transient faults;static random-access memory faults;Analytical models;Error analysis;Hardware;Life estimation;Random access memory;Reliability;Transient analysis;fault tolerance;reliability;soft errors},
doi={10.1109/MICRO.2014.15},
ISSN={1072-4451},}


@inproceedings{Purify,
 author = {Reed,, Hastings and Bob,, Joyce},
 title = {Purify: Fast Detection of Memory Leaks and Access Errors},
 booktitle = {Proceedings of the Winter USENIX Conference},
 year = {1992},
 pages = {125--136},
 }
@article{HeapMon,
 author = {Shetty,, R. and Kharbutli,, M. and Solihin,, Y. and Prvulovic,, M.},
 title = "{HeapMon: a helper-thread approach to programmable, automatic, and low-overhead memory bug detection}",
 journal = {IBM J. Res. Dev.},
 volume = {50},
 number = {2/3},
 year = {2006},
 issn = {0018-8646},
 pages = {261--275},
 publisher = {IBM Corp.},
 address = {Riverton, NJ, USA},
 }
@inproceedings{LocImproverBerger,
 author = {Feng,, Yi and Berger,, Emery D.},
 title = "{A locality-improving dynamic memory allocator}",
 booktitle = {Workshop on Memory System Performance, 2005},

 }
@inproceedings{FragFree,
 author = {Bohra,, Aniruddha and Gabber,, Eran},
 title = {Are Mallocs Free of Fragmentation?},
 booktitle = {USENIX Annual Technical Conference, 2001},
  }
@INPROCEEDINGS{ImproveCacheDataStruct,
    author = {Dan N. Truong and Francois Bodin and Andre Seznec},
    title = "{Improving cache behavior of dynamically allocated data structures}",
    booktitle = {PACT},
    year = {1998},
    pages = {}
}

@article{LocImproverZorn,
 author = {Grunwald,, Dirk and Zorn,, Benjamin and Henderson,, Robert},
 title = {Improving the cache locality of memory allocation},
 journal = {SIGPLAN Not.},
 volume = {28},
 number = {6},
 year = {1993},
 issn = {0362-1340},
 pages = {177--186},
 doi = {http://doi.acm.org/10.1145/173262.155107},
 publisher = {ACM},
 address = {New York, NY, USA},
 }
@ARTICLE{EvalModel,
    author = {Benjamin Zorn and Benjamin Zorn and Benjamin Zorn and Dirk Grunwald and Dirk Grunwald and Dirk Grunwald},
    title = {Evaluating models of memory allocation},
    journal = {ACM Transactions on Modeling and Computer Simulation},
    year = {1994},
    volume = {4},
    pages = {107--131}
}
@INPROCEEDINGS{ArchDMM,
title="{Architectural support for dynamic memory management}",
author={Morris Chang, J. and Srisa-an, W. and Lo, C.-T.D.},
booktitle={ICCD, 2000},
}

@ARTICLE{HardwareDMM,
title="{A high performance memory allocator for object-oriented systems}",
author={Chang, J.M. and Gehringer, E.F.},
journal={IEEE Transactions on Computers},
year={1996},
}

@INPROCEEDINGS{ProfileDMM,
title="{A high-performance memory allocator for memory intensive applications}",
author={Chang, J.M. and Hasan, Y. and Lee, W.H.},
booktitle={High Performance Computing in the Asia-Pacific Region, 2000},
}

@inproceedings{Streamflow,
 author = {Schneider et al.},
 title = "{Scalable locality-conscious multithreaded memory allocation}",
 booktitle = {ISMM, 2006},
 }

@article{Hoard,
 author = {Berger,, Emery D. et al.},
 title = "{Hoard: a scalable memory allocator for multithreaded applications}",
 journal = {ASPLOS, 2000},
  }

@article{HeapServer,
 author = {Kharbutli,, Mazen and Jiang,, Xiaowei and Solihin,, Yan and Venkataramani,, Guru and Prvulovic,, Milos},
 title = "{Comprehensively and efficiently protecting the heap}",
  journal = {ASPLOS, 2006},
 }

@inproceedings{MAMA,
 author = {Kahan,, Simon and Konecny,, Petr},
 title = "{MAMA!: a memory allocator for multithreaded architectures}",
 booktitle = {PPoPP, 2006},
 }

@inproceedings{csrimalloc,
 author = {Mark Moraes},
 title = {CSRI malloc,  ftp://ftp.cs.toronto.edu/pub/moraes/malloc.tar.gz},

 }


@inproceedings{DLea,
 author = {Doug Lea},
 title = {A Memory Allocator, http://g.oswego.edu/dl/html/malloc.html},

 }


@inproceedings{phkmalloc,
 author = {P.-H. Kamp},
 title = {Malloc(3) revisited, http://phk.freebsd.dk/pubs/malloc.pdf},

 }

@inproceedings{Vmalloc,
 author = {KP Vo},
 title = {Vmalloc: A general and efficient memory allocator:},
 booktitle = {Software: Practice and Experience, 1996},

 }


@inproceedings{tcmalloc,
 author = {S. Ghemawat and P. Menage.},
 title = {TCMalloc : Thread-Caching Malloc. http://goog-perftools.sourceforge.net/doc/tcmalloc.html.},

 }
@inproceedings{Oprofile,
 author = {Oprofile},
 title = {http://oprofile.sourceforge.net/},

 }

@INPROCEEDINGS{Jaejin,
title={Helper thread prefetching for loosely-coupled multiprocessor systems},
author="{Changhee Jung and Daeseob Lim and Jaejin Lee and Solihin, Y.}",
booktitle={Parallel and Distributed Processing Symposium, 2006. IPDPS 2006. 20th International},
year={2006},
month={April},
volume={},
number={},
ISSN={}, }

@INPROCEEDINGS{Intel,
title="{Physical experimentation with prefetching helper threads on Intel's hyper-threaded processors}",
author={Kim, D. and Liao, S.S.-W. and Wang, P.H. and del Cuvillo, J. and Tian, X. and Zou, X. and Wang, H. and Yeung, D. and Girkar, M. and Shen, J.P.},
booktitle={Code Generation and Optimization, 2004. CGO 2004. International Symposium on},
year={2004},
month={March},
volume={},
number={},
pages={ 27-38},
ISSN={ }, }

@ARTICLE{alzu14,
    author={Herrera-Alzu, I. and Lopez-Vallejo, M.},
    journal={Nuclear Science, IEEE Transactions on},
    title={System Design Framework and Methodology for Xilinx Virtex FPGA
        Configuration Scrubbers},
    year={2014},
    month={Feb},
    volume={61},
    number={1},
    pages={619-629},
    keywords={SRAM chips;fault diagnosis;field programmable gate
        arrays;logic design;radiation effects;FPGA model;JTAG;SRAM-based
            FPGAs;SelectMAP;SystemC modeling language;Xilinx Virtex FPGA
            configuration scrubbers;Xilinx Virtex series;configuration
            links;configuration memory scrubbing;configuration ports;fault
            detection methods;fault injection rates;fault injector
            model;fault list;frame level;frame list;hardware
            implementation;harsh radiation environments;ionizing
            radiation;physical levels;scrubber design space;scrubber
            device;scrubber model;scrubbing algorithms;supervisor
            model;system design framework;Algorithm design and
            analysis;Circuit faults;Fault detection;Field programmable
            gate arrays;Integrated circuit modeling;Ports
            (Computers);Fault injection;Field Programmable Gate Array
            (FPGA);SystemC;modeling;scrubbing;simulation},
    doi={10.1109/TNS.2013.2292816},
    ISSN={0018-9499},
}


@INPROCEEDINGS{SUN1,
title="{Dynamic helper threaded prefetching on the Sun UltraSPARC® CMP processor}",
author={Jiwei Lu and Das, A. and Wei-Chung Hsu and Khoa Nguyen and Abraham, S.G.},
booktitle={Microarchitecture, 2005. MICRO-38. Proceedings. 38th Annual IEEE/ACM International Symposium on},
year={2005},
month={Nov.},
volume={},
number={},
ISSN={}, }


@ARTICLE{Runahead,
title="{Runahead execution: An effective alternative to large instruction windows}",
author={Mutlu, O. and Stark, J. and Wilkerson, C. and Patt, Y.N.},
journal={Micro, IEEE},
year={2003},
month={Nov.-Dec.},
volume={23},
number={6},
pages={ 20-25},
keywords={ computer architecture, instruction sets, storage management DRAM memory, computer architecture, instruction windows, runahead execution},
doi={10.1109/MM.2003.1261383},
ISSN={0272-1732}, }


@article{Slipstream,
 author = {Sundaramoorthy,, Karthik and Purser,, Zach and Rotenberg,, Eric},
 title = "{Slipstream processors: improving both performance and fault tolerance}",
 journal = {SIGPLAN Not.},
 volume = {35},
 number = {11},
 year = {2000},
 issn = {0362-1340},
 publisher = {ACM},
 address = {New York, NY, USA},
 }




@INPROCEEDINGS{EDP,
title={"A helper thread based EDP reduction scheme for adapting application execution in CMPs"},
author={Yang Ding and Kandemir, M. and Raghavan, P. and Irwin, M.J.},
booktitle={Parallel and Distributed Processing, 2008. IPDPS 2008. IEEE International Symposium on},
year={2008},
month={April},
volume={},
number={},
pages={1-14},
keywords={fast Fourier transforms, grid computing, microprocessor chips, multi-threading, processor schedulingCMP, CPU availability, EDP reduction scheme, MultiGrid, chip multiprocessors, data-intensive workloads, energy-delay product, fast Fourier transform, helper threads, operating system scheduling, thermal overload},
doi={10.1109/IPDPS.2008.4536297},
ISSN={1530-2075}, }

@article{Olden,
 author = {Rogers,, Anne et al.},
 title = "{Supporting Dynamic Data Structures on Distributed-Memory Machines}",
 journal = {ACM Trans. Program. Lang. Syst., 1995},

 }

 @article{MallocBench,

 title = {ftp://cs.colorado.edu:/pub/misc/malloc-benchmarks/},

 }

@INPROCEEDINGS{Halder2013,
author={H. J. Wunderlich and C. Braun and S. Halder},
booktitle={On-Line Testing Symposium (IOLTS), 2013 IEEE 19th International},
title={Efficacy and efficiency of algorithm-based fault-tolerance on GPUs},
year={2013},
pages={240-243},
keywords={digital simulation;fault tolerant computing;graphics processing units;matrix algebra;parallel processing;reliability;ABFT;GPU;algorithm-based fault-tolerance;computational demand;computer simulations;desktop;error detection capabilities;high-performance computing systems;matrix operations;redundant computations;reliability requirements;reliability threats;scientific computing;Computational modeling;Fault tolerance;Fault tolerant systems;Graphics processing units;Instruction sets;Kernel;Tunneling magnetoresistance;Algorithm-based Fault Tolerance;Fault Simulation;GPGPU;Scientific Computing;Soft Errors},
doi={10.1109/IOLTS.2013.6604090},
month={July},}

@inproceedings{al-kiswany:stdchk,
        Author = {Samer Al-Kiswany and Matei Ripeanu and Sudharshan S. Vazhkudai and Abdullah Gharaibeh},
        Booktitle = {28th IEEE International Conference on Distributed Computing Systems (ICDCS)},
        Date-Added = {2010-03-22 11:32:26 -0400},
        Date-Modified = {2010-04-11 21:38:16 -0400},
        Ee = {http://dx.doi.org/10.1109/ICDCS.2008.19},
        Pages = {613-624},
        Title = {stdchk: A Checkpoint Storage System for Desktop Grid Computing},
        Year = {2008}}

@inproceedings{plfs,
        Author = {J. Bent and G. Gibson and G. Grider and B. McClelland and et al.},
        Booktitle = {Proceedings of Supercomputing 2009},
        Date-Added = {2010-04-11 20:31:45 -0400},
        Date-Modified = {2010-04-11 20:31:45 -0400},
        Title = {PLFS: A Checkpoint Filesystem for Parallel Applications},
        Year = {2009}}

@inproceedings{zest,
        Author = {P. Nowoczynski and N. Stone and J. Yanovich and J. Sommerfield},
        Booktitle = {Petascale Data Storage Workshop},
        Date-Added = {2010-04-11 20:31:45 -0400},
        Date-Modified = {2010-04-11 20:31:45 -0400},
        Title = {Zest: Checkpoint Storage System for Large Supercomputers},
        Year = {2008}}

@inproceedings{prabhakar:icdcs11,
 author = {Prabhakar, Ramya and Vazhkudai, Sudharshan S. and Kim, Youngjae and Butt, Ali R. and Li, Min and Kandemir, Mahmut},
 title = {Provisioning a Multi-tiered Data Staging Area for Extreme-Scale Machines},
 booktitle = {Proceedings of the 2011 31st International Conference on Distributed Computing Systems},
 series = {ICDCS '11},
 year = {2011},
 pages = {1--12},
}

@inproceedings{muller-chao,
        Author = {C. Wang and F. Mueller and C. Engelmann and S. Scott},
        Booktitle = {Proceedings of Supercomputing 2008},
        Title = {Proactive Process-Level Live Migration in HPC Environments},
        Year = {2008}}


 tp. cs. colorado. edu:/pub/misc/malloc-benchmarks/


@string{OSDI     = "Symposium on Operating Systems Design and Implementation"}
@string{IEEECOMP = "IEEE Trans. Computers"}
@string{PLDI     = "ACM SIGPLAN Conference on Programming Language Design and Implementation"}
@string{SIGMETRICS = "SIGMETRICS Conference on Measurement and Modeling of Computer Systems"}
@string{TOPLAS   = "ACM Trans. Programming Languages and Systems"}
@string{LNCS     = "Lecture Notes in Computer Science"}
@string{JPDC     = "J. Parallel Distrib. Comput."}
@string{IPPS     = "International Parallel Processing Symposium"}
@string{ICDCS    = "International Conference on Distributed Computing Systems"}

@string{ASPLOS   = "Architectural Support for Programming Languages and Operating Systems"}
@string{ISCA     = "International Symposium on Computer Architecture"}
@string{HPCA     = "International Symposium on High Performance Computer Architecture"}
@string{MICRO    = "International Symposium on Microarchitecture"}
@string{PACT     = "International Conference on Parallel Architectures and Compilation Techniques"}

@string{ICS      = "International Conference on Supercomputing"}
@string{SC       = "Supercomputing"}
@string{IPDPS    = "International Parallel and Distributed Processing Symposium"}



@article{wang2009construction,
  title={The construction of a Williams design and randomization in cross-over clinical trials using SAS},
  author={Wang, Bing-Shun and Wang, Xiao-Jin and Gong, Li-Kun},
  journal={Journal of statistical software},
  volume={29},
  year={2009},
  publisher={American Statistical Association}
}

@inproceedings{Guertin2013,
  title = {{SOC SEE test guideline development}},
  booktitle = {Single-Event Effects Symposium},
  author={Guertin, S. M.},
  address={La Jolla, CA, USA},
  year = {2013},
}

@article{Williams1949,
  title={Experimental designs balanced for the estimation of residual effects of treatments},
  author={Williams, EJ},
  journal={Australian Journal of Chemistry},
  volume={2},
  number={2},
  pages={149--168},
  year={1949},
  publisher={CSIRO},
}

@inproceedings{Wirthlin2014,
  title={A Method and Case Study on Identifying Physically Adjacent Multi-Cell Upsets Using 28nm Interleaved and SECDED-Protected Arrays},
  author={Wirthlin, M. and Lee, D. and Swift, G. and Quinn H.},
  booktitle={IEEE Nuclear and Space Radiation Effects Conference},
  year={2014},
}

@inproceedings{Quinn2014,
  title={Single-Event Effects in Low-Cost, Low-Power Microprocessors},
  author={Quinn, H. and Fairbanks, T. and Tripp, J. and Duran, G. and Lopez, B.},
  booktitle={IEEE Radiation Effects Data Workshop},
  year={2014},
}


@inproceedings{Fairbanks2013,
  title={Compendium of TID, Neutron, Proton and Heavy Ion Testing of Satellite Electronics for Los Alamos National Laboratory},
  author={Fairbanks, Tom and Quinn, Heather and Tripp, Justin and Michel, John and Warniment, Adam and Dallmann, Nick},
  booktitle={Radiation Effects Data Workshop (REDW), 2013 IEEE},
  pages={1--6},
  year={2013},
  organization={IEEE},
}

@INPROCEEDINGS{chatzidimitriou2017,
author={A. Chatzidimitriou and M. Kaliorakis and D. Gizopoulos and M. Iacaruso and M. Pipponzi and R. Mariani and S. D. Carlo},
booktitle={2017 47th Annual IEEE/IFIP International Conference on Dependable Systems and Networks Workshops (DSN-W)},
title={RT Level vs. Microarchitecture-Level Reliability Assessment: Case Study on ARM(R) Cortex(R)-A9 CPU},
year={2017},
volume={},
number={},
pages={117-120},
keywords={cache storage;microprocessor chips;network synthesis;reliability;ARM cortex-A9 CPU;RT level;RTL;Register-Transfer-Level;computing system design;data cache;hardware structures;microarchitecture-level reliability assessment;microprocessor design;redesign cycles;register file;statistical fault-injection;vulnerability estimation;Benchmark testing;Computational modeling;Estimation;Hardware;Microarchitecture;Registers;Reliability;ARM Cortex-A9 microprocessor;RTL;fault injection;microarchitecture-level;reliability},
doi={10.1109/DSN-W.2017.16},
ISSN={},
month={June},}

@ARTICLE{Baumann2005,
author={Baumann, R.C.},
journal={Device and Materials Reliability, IEEE Transactions on},
title={Radiation-induced soft errors in advanced semiconductor technologies},
year={2005},
month={Sept},
volume={5},
number={3},
pages={305-316},
doi={10.1109/TDMR.2005.853449},
ISSN={1530-4388},}

@article{ziegler2003,
  title={Terrestrial thermal neutrons},
  author={Dirk, JD and Nelson, Martin E and Ziegler, James F and Thompson, Alan and Zabel, Theodore H},
  journal={IEEE Transactions on Nuclear Science},
  volume={50},
  number={6},
  pages={2060--2064},
  year={2003},
  publisher={IEEE}
}

@ARTICLE{Ziegler1996, 
author={J. F. Ziegler}, 
journal={IBM Journal of Research and Development}, 
title={Terrestrial cosmic rays}, 
year={1996}, 
volume={40}, 
number={1}, 
pages={19-39}, 
keywords={}, 
doi={10.1147/rd.401.0019}, 
ISSN={0018-8646}, 
month={Jan},}


@article{Hess,
  title={{\"U}ber den Ursprung der durchdringenden Strahlung},
  author={Hess, Victor Franz},
  journal={Z. Phys.},
  volume={14},
  pages={610},
  year={1913}
}


@article{sheu2003cosmic,
  title={Cosmic-ray-induced neutron spectra and effective dose rates near air/ground and air/water interfaces in Taiwan},
  author={Sheu, RJ and Jiang, SH},
  journal={Health physics},
  volume={84},
  number={1},
  pages={92--99},
  year={2003},
  publisher={LWW}
}

@inproceedings{baumannsoft,
  title={Soft error characterization and modeling methodologies at Texas Instruments},
  author={Baumann, R},
  booktitle={Proc. Semiconductor Research Council 4th Topical Conf. Reliability.[CD-Rom] SemaTech CD-ROM},
  publisher={SemaTech},
  address={USA},
  year={2000},
  pages={0043--3283}
}


@article{hands2011single,
  title={Single event effects in power MOSFETs due to atmospheric and thermal neutrons},
  author={Hands, Alex and Morris, Paul and Ryden, Keith and Dyer, Clive and Truscott, Pete and Chugg, Andrew and Parker, Sarah},
  journal={IEEE Transactions on Nuclear Science},
  volume={58},
  number={6},
  pages={2687--2694},
  year={2011},
  publisher={IEEE}
}

@INPROCEEDINGS{Kim2007,
author={Saeng-Hwan Kim and Won-Oh Lee and Jung-Ho Kim and Seong-Seop Lee and Sun-Young Hwang and Chang-Il Kim and Tae-Woo Kwon and Bong-Seok Han and Sung-Kwon Cho and Dae-Hui Kim and Jae-Keun Hong and Min-Yung Lee and Sung-Wook Yin and Hyeon-Gon Kim and Jin-Hong Ahn and Yong-Tark Kim and Yo-Hwan Koh and Joong-Sik Kih},
booktitle={Solid-State Circuits Conference, 2007. ASSCC '07. IEEE Asian},
title={A low power and highly reliable 400Mbps mobile DDR SDRAM with on-chip distributed ECC},
year={2007},
month={Nov},
pages={34-37},
doi={10.1109/ASSCC.2007.4425789},}

@inproceedings{Che2009,
    author = {Che, Shuai and Boyer, M. and Meng, Jiayuan and Tarjan, D.
    and Sheaffer, J. W. and Lee, Sang-Ha and Skadron, K.},
    booktitle = {Workload Characterization, 2009. IISWC 2009. IEEE
    International Symposium on},
    month = oct,
    pages = {44--54},
    title = {{Rodinia: A benchmark suite for heterogeneous computing}},
    url =
    {http://dx.doi.org/10.1109/IISWC.2009.5306797},
    year = {2009}
}

@INPROCEEDINGS{Che2010characterization,
author={Shuai Che and Sheaffer, J.W. and Boyer, M. and Szafaryn, L.G. and Liang Wang and Skadron, K.},
booktitle={Proc. Workload Characterization (IISWC), 2010 IEEE International Symposium on},
title={A characterization of the Rodinia benchmark suite with comparison to contemporary CMP workloads},
year={2010},
address={Atlanta, GA, USA},
publisher={IEEE Computer Society},
pages={1-11},}

@ARTICLE{Owens2008,
author={Owens, J.D. and Houston, M. and Luebke, D. and Green, S. and Stone, J.E. and Phillips, J.C.},
journal={Proceedings of the IEEE},
title={{GPU Computing}},
year={2008},
volume={96},
number={5},
pages={879-899},
keywords={computer graphic equipment;microcomputers;parallel programming;GPU computing;computational biophysics;game physics;general-purpose computing;graphics engine;graphics processing unit;high-performance computer system;memory bandwidth;microprocessor;parallel computing;parallel programmable processor;peak arithmetic;programming model;Arithmetic;Bandwidth;Central Processing Unit;Computational biophysics;Engines;Graphics;Hardware;Microprocessors;Performance gain;Physics computing;GPU computing;General-purpose computing on the graphics processing unit (GPGPU);parallel computing},
doi={10.1109/JPROC.2008.917757},
ISSN={0018-9219},}

@inproceedings{Kruger2003,
 author = {Kr\"{u}ger, Jens and Westermann, R\"{u}diger},
 title = {{Linear Algebra Operators for GPU Implementation of Numerical Algorithms}},
 booktitle = {ACM SIGGRAPH 2003 Papers},
 series = {SIGGRAPH '03},
 year = {2003},
 isbn = {1-58113-709-5},
 location = {San Diego, California},
 pages = {908--916},
 numpages = {9},
 url = {http://doi.acm.org/10.1145/1201775.882363},
 doi = {10.1145/1201775.882363},
 acmid = {882363},
 publisher = {ACM},
 address = {New York, NY, USA},
 keywords = {graphics hardware, numerical simulation},}

@INPROCEEDINGS{Rech2012,
author={Rech, P. and Aguiar, C. and Ferreira, R. and Silvestri, M. and Griffoni, A. and Frost, C. and Carro, L.},
booktitle={Radiation Effects Data Workshop (REDW), 2012 IEEE},
title={{Neutron-Induced Soft Errors in Graphic Processing Units}},
year={2012},
pages={1-6},
keywords={graphics processing units;matrix multiplication;graphic processing unit;internal memory resources cross section;matrix multiplication application error rate;neutron-induced failure;neutron-induced soft error;Error analysis;Graphics processing units;Instruction sets;Neutrons;Registers;Sensitivity;Single event upset},
doi={10.1109/REDW.2012.6353714},
ISSN={2154-0519},}

@techreport{Lerner1988,
  title={{Algorithm Based Fault Tolerance in Massively Parallel Systems}},
  author={Lerner, Mark D},
  year={1988},
  institution={Department of Computer Science, Columbia University},}

@ARTICLE{Jou1988,
author={Jou, J.-Y. and Abraham, J.A.},
journal={Computers, IEEE Transactions on},
title={{Fault-Tolerant FFT Networks}},
year={1988},
volume={37},
number={5},
pages={548-561},
keywords={automatic testing;digital arithmetic;digital integrated circuits;error analysis;error detection;fast Fourier transforms;fault location;fault tolerant computing;integrated circuit testing;parallel architectures;redundancy;roundoff errors;N-point fast Fourier transform;N/2 two-point butterfly modules;concurrent error detection;data retry technique;error location;fault model;fault tolerant FFT networks;fault-secure results;functional errors;log2N stages;negligible hardware overhead;physical failures;roundoff errors;throughput;time-redundancy method;Discrete Fourier transforms;Fast Fourier transforms;Fault tolerance;Hardware;Helium;Redundancy;Roundoff errors;Signal analysis;Signal processing algorithms;Very large scale integration},
doi={10.1109/12.4606},
ISSN={0018-9340},}

@misc{Nvidia2010,
title = {{NVIDIA Tesla C2050/C2075 GPU Datasheet}},
year = {2010},
}

@ARTICLE{Mahatme11,
    author = {Mahatme, N.N. and Jagannathan, T.D. and Massengill, L.W. and
        Bhuva, B.L. and Wen, S.-J. and Wong, R.},
    journal={Nuclear Science, IEEE Transactions on},
    year={2011},
volume={58},
number={6},
    pages = {2719--2725},
    publisher = {IEEE Press},
    title = {{Comparison of Combinational and Sequential Error Rates for a Deep Submicron Process}},
}

@ARTICLE{Violante2007,
author={Violante, M. and Sterpone, L. and Manuzzato, A. and Gerardin, S. and Rech, P. and Bagatin, M. and Paccagnella, A. and Andreani, C. and Gorini, G. and Pietropaolo, A. and Cardarilli, G. and Pontarelli, S. and Frost, C.},
journal={Nuclear Science, IEEE Transactions on},
title={{A New Hardware/Software Platform and a New 1/E Neutron Source for Soft
    Error Studies: Testing FPGAs at the ISIS Facility}},
year={2007},
volume={54},
number={4},
pages={1184-1189},
keywords={field programmable gate arrays;neutron sources;1/E neutron source;RAL-ISIS facility;SRAM-based FPGA;Xilinx SRAM-based FPGA;Acceleration;Circuits;Field programmable gate arrays;Hardware;Intersymbol interference;Life estimation;Neutrons;Particle beams;Single event upset;Software testing;FPGA;Single Event Upset (SEU);neutron source;radiation testing},
doi={10.1109/TNS.2007.902349},
ISSN={0018-9499},}

@inproceedings{Stockham1966,
 author = {Stockham,Jr., Thomas G.},
 title = {{High-Speed Convolution and Correlation}},
 booktitle = {Proceedings of the April 26-28, 1966, Spring joint computer conference},
 series = {AFIPS '66 (Spring)},
 year = {1966},
 location = {Boston, Massachusetts},
 pages = {229--233},
 numpages = {5},
 url = {http://doi.acm.org/10.1145/1464182.1464209},
 doi = {10.1145/1464182.1464209},
 acmid = {1464209},
 publisher = {ACM},
 address = {New York, NY, USA},
}

@techreport{Jedec2006,
author = {JEDEC},
title = {{Measurement and Reporting of Alpha Particle and Terrestrial Cosmic
    Ray-Induced Soft Errors in Semiconductor Devices}},
institution = {JEDEC Standard},
number = {JESD89A},
year = {2006},
}

@techreport{White2010,
author = {M. White},
title = {{Scaled CMOS Technology Reliability User Guide}},
institution = {Jet Propulsion Laboratory, NASA},
number = {JPL 09-33},
year = {2010},
}


@misc{Nvidia,
author = {NVIDIA},
title = {{Tesla C2050 Performance Benchmarks}},
}

@ARTICLE{Rech2013,
author={Rech, P. and Aguiar, C. and Frost, C. and Carro, L.},
journal={Nuclear Science, IEEE Transactions on},
title={{An Efficient and Experimentally Tuned Software-Based Hardening
    Strategy for Matrix Multiplication on GPUs}},
year={2013},
volume={60},
number={4},
pages={2797-2804},
keywords={graphics processing units;matrix algebra;neutron effects;radiation hardening (electronics);GPU;fault-injection simulations;graphic processing units;matrix multiplication;multiple errors;neutron radiation;radiation-induced error distributions;software-based hardening strategy;Graphic processing unit (GPU);matrix multiplication;neutron radiation testing;software-based hardening},
doi={10.1109/TNS.2013.2252625},
ISSN={0018-9499},}

@INPROCEEDINGS{Haque2010,
author={Haque, I.S. and Pande, V.S.},
booktitle={Cluster, Cloud and Grid Computing (CCGrid), 2010 10th IEEE/ACM International Conference on},
title={{Hard Data on Soft Errors: A Large-Scale Assessment of Real-World Error
    Rates in GPGPU}},
year={2010},
pages={691-696},
keywords={Distributed computing;Error analysis;Error correction;Error correction codes;Graphics;Hardware;High performance computing;Large-scale systems;Temperature control;Testing},
doi={10.1109/CCGRID.2010.84},}

@inproceedings{Sheaffer2007,
 author = {Sheaffer, Jeremy W. and Luebke, David P. and Skadron, Kevin},
 title = {{A Hardware Redundancy and Recovery Mechanism for Reliable
     Scientific Computation on Graphics Processors}},
 booktitle = {Proceedings of the 22nd ACM SIGGRAPH/EUROGRAPHICS symposium on Graphics hardware},
 series = {GH '07},
 year = {2007},
 isbn = {978-1-59593-625-7},
 location = {San Diego, California},
 pages = {55--64},
 numpages = {10},
 url = {http://dl.acm.org/citation.cfm?id=1280094.1280104},
 acmid = {1280104},
 publisher = {Eurographics Association},
 address = {Aire-la-Ville, Switzerland, Switzerland},
}


@misc{Dongarra2013,
title={{TOP500 Supercomputer Sites: November 2018}},
author={Dongarra, J.J. and Meuer, H.W. and Strohmaier, E.},
year={2018},
url={http://www.top500.org},
}

@inproceedings{nirmal2016,
title={{Autonomous Car is the New Driver for Resilient Computing and Design-for-Test}},
author={Nirmal R. Saxena},
booktitle = {Silicon Errors in Logic - System Effects (SELSE) Keyonte},
year={2016},
url={http://www.selse.org},
}

@misc{ISO26262,
title={{ISO26262 Standard}},
author={Dongarra, J.J. and Meuer, H.W. and Strohmaier, E.},
year={2015},
url={https://www.iso.org/obp/ui/\#iso:std:iso:26262:-1:ed-1:v1:en},
}

@misc{nhtsa,
title={{ National Highway Traffic Safety Administration report}},
author={Dongarra, J.J. and Meuer, H.W. and Strohmaier, E.},
year={2013},
url={https://www.nhtsa.gov},
}

@misc{ncap,
    title={{Euro NCAP Rating Review, Report from the Ratings Group}},
    author={{European New Car Assessment Programme}},
    year={2012},
    month={June},
    url={http://www.euroncap.com},
}

@misc{corot,
    title={{ESA COROT Mission Documentation}},
    author={{European Space Agency}},
    year={2014},
    url={http://www.esa.int/Our\_Activities/Space\_Science/COROT},
}

@misc{aramis,
    title={{aramis: Project Overview}},
    author={Jurgen Becker and Oliver Sander},
    year={2013},
    url={http://www.across-project.eu/workshop2013/121108\_ARAMIS\_Introduction\_HiPEAC\_WS\_V3.pdf},
}

@ARTICLE{Breuer2004,
author={Breuer, M.A. and Gupta, S.K. and Mak, T. M.},
journal={Design Test of Computers, IEEE},
title={Defect and error tolerance in the presence of massive numbers of defects},
year={2004},
month={May},
volume={21},
number={3},
pages={216-227},
doi={10.1109/MDT.2004.8},
ISSN={0740-7475},
}

@inproceedings{breuer2005,
  title={Multi-media applications and imprecise computation},
  author={Breuer, Melvin A},
  booktitle={Digital System Design, 2005. Proceedings. 8th Euromicro Conference on},
  pages={2--7},
  year={2005},
  organization={IEEE}
}

@article{Pilla2013,
author={Pilla, L.L. and Rech, P. and Silvestri, F. and Frost, C. and Navaux, P.O.A. and Reorda, M.S. and Carro, L.},
journal={Nuclear Science, IEEE Transactions on},
title={Software-Based Hardening Strategies for Neutron Sensitive FFT Algorithms on GPUs},
year={2014},
month={},
volume={PP},
number={99},
pages={1-7},
keywords={Error correction code (ECC);fast fourier transform (FFT);graphics processing unit (GPU);neutron sensitivity;software-based hardening strategies},
doi={10.1109/TNS.2014.2301768},
ISSN={0018-9499},
}

@ARTICLE{Pilla2015,
author={Pilla, L.L. and Oliveira, D.A.G. and Lunardi, C. and Navaux, P.O.A. and Carro, L. and Rech, P.},
journal={Nuclear Science, IEEE Transactions on},
title={Memory Access Time and Input Size Effects on Parallel Processors Reliability},
year={2015},
volume={62},
number={6},
pages={2627-2634},
keywords={Fault tolerance;Graphics processing units;Neutron radiation effects;Parallel processing;Reliability;Fault-tolerance;graphics processing unit (GPU);neutron sensitivity;parallel processors;reliability},
doi={10.1109/TNS.2015.2496381},
ISSN={0018-9499},
month={Dec},
}

@INPROCEEDINGS{Fang2012,
author={Fang, Bo and Wei, Jiesheng and Pattabiraman, Karthik and Ripeanu, Matei},
booktitle={High Performance Computing, Networking, Storage and Analysis (SCC), 2012 SC Companion:},
title={Poster: Evaluating Error Resiliency of GPGPU Applications},
year={2012},
month={Nov},
pages={1504-1504},
doi={10.1109/SC.Companion.2012.289},
}

@inproceedings{Fang2014,
   title={{GPU-Qin: A Methodology for Evaluating the Error Resilience of GPGPU
       Applications}},
   author={Fang, Bo and Pattabiraman, Karthik and Ripeanu, Matei and Gurumurthi, Sudhanva},
   year={2014},
   booktitle={To appear in the Proceedings of the IEEE International Symposium
       on Performance Analysis of Systems and Software (ISPASS)},

}

@INPROCEEDINGS{Oliveira2014,
author={Oliveira, D. A. G. and Rech, P. and Pilla, L. L. and Navaux, P. O. A. and Carro, L.},
booktitle={International Symposium on Defect and Fault Tolerance in VLSI and Nanotechnology Systems (DFT 2014)},
title={GPGPUs ECC Efficiency and Efficacy},
year={2014},
}

@ARTICLE{oliveiratns14,
    author={Oliveira, D.A.G. and Rech, P. and Quinn, H.M. and Fairbanks, T.D. and Monroe, L. and Michalak, S.E. and Anderson-Cook, C. and Navaux, P.O.A. and Carro, L.},
    journal={Nuclear Science, IEEE Transactions on},
    title={Modern GPUs Radiation Sensitivity Evaluation and Mitigation Through Duplication With Comparison},
    year={2014},
    month={Dec},
    volume={61},
    number={6},
    pages={3115-3122},
    keywords={fault tolerance;graphics processing units;radiation hardening (electronics);GPU;critical resources;graphics processing units;high performance computing applications;neutron sensitivity;radiation sensitivity evaluation;safety critical applications;Fault tolerance;Graphics processing units;Neutrons;Parallel processing;Radiation effects;Reliability;Sensitivity;Fault tolerance;graphics processing unit (GPU);neutron sensitivity;parallel processors;reliability},
    doi={10.1109/TNS.2014.2362014},
    ISSN={0018-9499},
}

@ARTICLE{Sabena2014,
    title={Evaluating the radiation sensitivity of GPGPU caches: New algorithms and experimental results},
    author={D. Sabena, M. Sonza Reorda, L. Sterpone, P. Rech, and L. Carro},
    year={2014},
    doi={10.1016/j.microrel.2014.05.001},
    journal={Microelectronics Reliability},
}

@ARTICLE{Rech2013_Threads,
author={Rech, P. and Fairbanks, T.D. and Quinn, H.M. and Carro, L.},
journal={Nuclear Science, IEEE Transactions on},
title={Threads Distribution Effects on Graphics Processing Units Neutron Sensitivity},
year={2013},
month={Dec},
volume={60},
number={6},
pages={4220-4225},
doi={10.1109/TNS.2013.2286970},
ISSN={0018-9499},
}

@INPROCEEDINGS{constantinescu2005,
author={C. Constantinescu},
booktitle={2005 International Conference on Dependable Systems and Networks (DSN'05)},
title={Neutron SER characterization of microprocessors},
year={2005},
volume={},
number={},
pages={754-759},
keywords={combinational circuits;failure analysis;logic testing;microprocessor chips;neutron effects;semiconductor technology;Intel Itanium microprocessors;VLSI circuits;combinational logic;dependability benchmarking tool;failure mechanism;neutron SER characterization;semiconductor devices;soft error rate;storage elements;Atmosphere;Cosmic rays;Energy storage;Failure analysis;Frequency;Logic devices;Microprocessors;Neutrons;Semiconductor device reliability;Semiconductor devices},
doi={10.1109/DSN.2005.69},
ISSN={1530-0889},
month={June},}

@ARTICLE{nguyen2005,
author={H. T. Nguyen and Y. Yagil and N. Seifert and M. Reitsma},
journal={IEEE Transactions on Device and Materials Reliability},
title={Chip-level soft error estimation method},
year={2005},
volume={5},
number={3},
pages={365-381},
keywords={alpha-particle effects;elemental semiconductors;failure analysis;microprocessor chips;neutron effects;silicon;architectural filtering;chip level soft error estimation method;detected uncorrectable error;logical filtering;microprocessor designs;nodal timing mechanisms;single event upset;soft error rates;soft radiation events;structural filtering;Error analysis;Error correction;Filtering;Logic circuits;Logic devices;Physics;Silicon;Single event upset;Timing;Very large scale integration;Detected uncorrectable error (DUE);failure in time (FIT);logic derating (LD);mean time to failure (MTTF);silent data corruption (SDC);single event upset (SEU);soft error rate (SER);timing derating (TD)},
doi={10.1109/TDMR.2005.858334},
ISSN={1530-4388},
month={Sept},}

@article{seifert2002,
  title={Impact of scaling on soft-error rates in commercial microprocessors},
  author={Seifert, Norbert and Zhu, Xiaowei and Massengill, Lloyd W},
  journal={Nuclear Science, IEEE Transactions on},
  volume={49},
  number={6},
  pages={3100--3106},
  year={2002},
  publisher={IEEE}
}

@ARTICLE{Lindholm2008,
author={Lindholm, E. and Nickolls, J. and Oberman, S. and Montrym, J.},
journal={Micro, IEEE},
title={{NVIDIA Tesla: A Unified Graphics and Computing Architecture}},
year={2008},
month={March},
volume={28},
number={2},
pages={39-55},
doi={10.1109/MM.2008.31},
ISSN={0272-1732},
}

@ARTICLE{Huang1984,
author={Kuang-Hua Huang and Abraham, J.A.},
journal={Computers, IEEE Transactions on},
title={Algorithm-Based Fault Tolerance for Matrix Operations},
year={1984},
month={June},
volume={C-33},
number={6},
pages={518-528},
doi={10.1109/TC.1984.1676475},
ISSN={0018-9340},
}


@misc{cublas,
    title={{uBLAS Library User Guide}},
    author={NVIDIA},
    year={2014},
howpublished = {\url{http://docs.nvidia.com/cuda/pdf/CUBLASz\_Library.pdf}}

}

@misc{nvidia_k20,
    title={{NVIDIA Kepler K20 GPU Datasheet}},
    author={NVIDIA},
    year={2012},
}

@misc{Mitra2012,
    title={{System-Level Single-Event Effects}},
    author={Subhasish Mitra},
    year={2010},
    howpublished={IEEE Nuclear and Space Radiation Effects Conference, NSREC 2012 Short Course},
}

@INPROCEEDINGS{Rech_IOLTS,
author={Rech, P. and Aguiar, C. and Ferreira, R. and Frost, C. and Carro, L.},
booktitle={On-Line Testing Symposium (IOLTS), 2012 IEEE 18th International},
title={Neutron radiation test of graphic processing units},
year={2012},
month={June},
pages={55-60},
doi={10.1109/IOLTS.2012.6313841},
}

@INPROCEEDINGS{DiCarlo2013,
author={Di Carlo, S. and Gambardella, G. and Martella, I. and Prinetto, P. and Rolfo, D. and Trotta, P.},
booktitle={Test Conference (ITC), 2013 IEEE International},
title={Fault strategies for CUDA GPUs},
year={2013},
month={Sept},
pages={1-8},
doi={10.1109/TEST.2013.6651908},
ISSN={1089-3539},}

@INPROCEEDINGS{Wunderlich2013,
author={Wunderlich, H.-J. and Braun, C. and Halder, S.},
booktitle={On-Line Testing Symposium (IOLTS), 2013 IEEE 19th International},
title={Efficacy and efficiency of algorithm-based fault-tolerance on GPUs},
year={2013},
month={July},
pages={240-243},
doi={10.1109/IOLTS.2013.6604090},}

@INPROCEEDINGS{Sabena2013,
author={Sabena, D. and Sonza Reorda, M. and Sterpone, L. and Rech, P. and Carro, L.},
booktitle={Design and Test Symposium (IDT), 2013 8th International},
title={On the evaluation of soft-errors detection techniques for GPGPUs},
year={2013},
month={Dec},
pages={1-6},
doi={10.1109/IDT.2013.6727092},}

@inproceedings{Rech_ETS,
      title={Experimental evaluation of thread distribution effects on multiple output errors in GPUs},
        author={Rech, Paolo and Aguiar, Caroline and Frost, Christopher and Carro, Luigi},
          booktitle={Test Symposium (ETS), 2013 18th IEEE European},
            pages={1--6},
              year={2013},
                organization={IEEE}
}

@INPROCEEDINGS{Ding2011,
author={Chong Ding and Karlsson, C. and Hui Liu and Davies, T. and Zizhong Chen},
booktitle={Parallel and Distributed Processing with Applications (ISPA), 2011 IEEE 9th International Symposium on},
title={Matrix Multiplication on GPUs with On-Line Fault Tolerance},
year={2011},
month={May},
pages={311-317},
doi={10.1109/ISPA.2011.50},}

@inproceedings{Hari2015,
    author={Siva Kumar Sastry Hari and Timothy Tsai and Mark Stephenson and Stephen W. Keckler and Joel Emer},
    title={{SASSIFI: Evaluating Resilience of GPU Applications}},
    booktitle={IEEE 11th Workshop on Silicon Errors in Logic - System Effects
        (SELSE)},
    year={2015},
}



@inproceedings{Rech2014,
    author={Paolo Rech and Luigi Carro and Nicholas Wang and Timothy Tsai
        and Siva Kumar Sastry Hari and Stephen W. Keckler},
    title={{Measuring the Radiation Reliability of SRAM Structures in GPUS
        Designed for HPC}},
    booktitle={IEEE 10th Workshop on Silicon Errors in Logic - System Effects
        (SELSE)},
    year={2014},
}

@book{Kirk,
  title={Programming massively parallel processors: a hands-on approach},
  author={Kirk, David B and Wen-mei, W Hwu},
  year={2012},
  publisher={Morgan Kaufmann}
}

@conference{Date2014,
    title = {{GPGPUs: How to Combine High Computational Power with High
            Reliability}},
    booktitle = {2014 Design Automation and Test in Europe Conference and Exhibition},
    year = {2014},
    address = {Dresden, Germany},
    author = {L. A. Bautista Gomez and Franck Cappello and L. Carro and N. DeBardeleben and B. Fang and S. Gurumurthi and K. Pattabiraman and R. Rech and M. Sonza Reorda},
}

@conference{Rech_DSN,
    author={P. Rech and L. L. Pilla and P. O. A. Navaux and L. Carro},
    title={{Impact of GPUs Parallelism Management on Safety-Critical and HPC
        Applications Reliability}},
    booktitle={IEEE International Conference on Dependable Systems and
        Networks (DSN 2014)},
    year={2014},
    address={Atlanta, USA},
}


@conference{FTXS2014,
    author={D. A. G. Oliveira and C.B. Lunardi and L. L. Pilla and P. Rech  and P. O. A. Navaux and L. Carro},
    title={{Radiation Sensitivity of High Performance Computing Applications on Kepler-Based GPGPUs}},
    booktitle={International Workshop on Fault Tolerance for HPC at eXtreme Scale (FTXS 2014), co-located with IEEE International Conference on Dependable Systems and
        Networks (DSN 2014)},
    year={2014},
    address={Atlanta, USA},
}

@incollection{Freivalds1979,
year={1979},
isbn={978-3-540-09526-2},
booktitle={Mathematical Foundations of Computer Science 1979},
volume={74},
series={Lecture Notes in Computer Science},
editor={Bečvář, Jiří},
doi={10.1007/3-540-09526-8\_5},
title={Fast probabilistic algorithms},
url={http://dx.doi.org/10.1007/3-540-09526-8\_5},
publisher={Springer Berlin Heidelberg},
author={Freivalds, Rūsiņš},
pages={57-69}
}

@article{Liepe2010,
author = {Liepe, Juliane and Barnes, Chris and Cule, Erika and Erguler, Kamil and Kirk, Paul and Toni, Tina and Stumpf, Michael P.H.},
title = {ABC-SysBio - approximate Bayesian computation in Python with GPU support},
volume = {26},
number = {14},
pages = {1797-1799},
year = {2010},
doi = {10.1093/bioinformatics/btq278},
abstract ={Motivation: The growing field of systems biology has driven demand for flexible tools to model and simulate biological systems. Two established problems in the modeling of biological processes are model selection and the estimation of associated parameters. A number of statistical approaches, both frequentist and Bayesian, have been proposed to answer these questions.Results: Here we present a Python package, ABC-SysBio, that implements parameter inference and model selection for dynamical systems in an approximate Bayesian computation (ABC) framework. ABC-SysBio combines three algorithms: ABC rejection sampler, ABC SMC for parameter inference and ABC SMC for model selection. It is designed to work with models written in Systems Biology Markup Language (SBML). Deterministic and stochastic models can be analyzed in ABC-SysBio.Availability: http://abc-sysbio.sourceforge.netContact: christopher.barnes@imperial.ac.uk; ttoni@imperial.ac.uk},
URL = {http://bioinformatics.oxfordjournals.org/content/26/14/1797.abstract},
eprint = {http://bioinformatics.oxfordjournals.org/content/26/14/1797.full.pdf+html},
journal = {Bioinformatics}
}

@inproceedings{danalis2010,
 author = {Danalis, Anthony and Marin, Gabriel and McCurdy, Collin and Meredith, Jeremy S. and Roth, Philip C. and Spafford, Kyle and Tipparaju, Vinod and Vetter, Jeffrey S.},
 title = {The Scalable Heterogeneous Computing (SHOC) Benchmark Suite},
 booktitle = {Proceedings of the 3rd Workshop on General-Purpose Computation on Graphics Processing Units},
 series = {GPGPU '10},
 year = {2010},
 isbn = {978-1-60558-935-0},
 location = {Pittsburgh, Pennsylvania},
 pages = {63--74},
 numpages = {12},
 url = {http://doi.acm.org/10.1145/1735688.1735702},
 doi = {10.1145/1735688.1735702},
 acmid = {1735702},
 publisher = {ACM},
 address = {New York, NY, USA},
 keywords = {GPGPU, benchmarking, graphics processors, performance},
}

@incollection{GPUBehaviorLANL,
year={2014},
isbn={978-3-642-54419-4},
booktitle={Euro-Par 2013: Parallel Processing Workshops, Resilience 2013},
volume={8374},
doi={10.1007/978-3-642-54420-0\_66},
title={GPU Behavior on a Large HPC Cluster},
url={http://dx.doi.org/10.1007/978-3-642-54420-0\_66},
publisher={Springer Berlin Heidelberg},
keywords={graphics processing units; high performance computing;
reliability; acceptance testing; fault-tolerance; resilience; error
correction},
author={DeBardeleben, Nathan and Blanchard, Sean and Monroe, Laura and
Romero, Phil and Grunau, Daryl and Idler, Craig and Wright, Cornell},
pages={680-689},
language={English}
}

@ARTICLE{MichalakRoadrunner,
author={Michalak, S.E. and DuBois, A.J. and Storlie, C.B. and Quinn, H.M. and
Rust, W.N. and DuBois, D.H. and Modl, D.G. and Manuzzato, A. and Blanchard,
S.P.},
journal={Device and Materials Reliability, IEEE Transactions on},
title={Assessment of the Impact of Cosmic-Ray-Induced Neutrons on Hardware in
the Roadrunner Supercomputer},
year={2012},
month={June},
volume={12},
number={2},
pages={445-454},
keywords={cosmic rays;mainframes;parallel machines;HPC;SDC;Triblade
servers;hardware cosmic ray induced neutrons;high performance
computing;microprocessor based computations;microprocessor based
systems;neutron susceptibility;petaflop supercomputer;roadrunner
supercomputer;silent data corruption;Blades;Computer
architecture;Hardware;Microprocessors;Neutrons;Program
processors;Testing;Failures in time (FIT);neutron-beam testing;silent data
corruption (SDC);single-event effect;soft error},
doi={10.1109/TDMR.2012.2192736},
ISSN={1530-4388},}


%Fernando's references
@INPROCEEDINGS{hog2005,
author={N. Dalal and B. Triggs},
booktitle={Computer Vision and Pattern Recognition, 2005. CVPR 2005. IEEE Computer Society Conference on},
title={Histograms of oriented gradients for human detection},
year={2005},
volume={1},
pages={886-893 vol. 1},
keywords={feature extraction;gradient methods;object detection;object recognition;support vector machines;coarse spatial binning;contrast normalization;edge based descriptors;fine orientation binning;fine-scale gradients;gradient based descriptors;histograms of oriented gradients;human detection;linear SVM;overlapping descriptor;pedestrian database;robust visual object recognition;High performance computing;Histograms;Humans;Image databases;Image edge detection;Object detection;Object recognition;Robustness;Support vector machines;Testing},
doi={10.1109/CVPR.2005.177},
ISSN={1063-6919},
month={June},}

%Lucas' references
@ARTICLE{hogusage2013,
author={S. Sivaraman and M. M. Trivedi},
journal={IEEE Transactions on Intelligent Transportation Systems},
title={Looking at Vehicles on the Road: A Survey of Vision-Based Vehicle Detection, Tracking, and Behavior Analysis},
year={2013},
volume={14},
number={4},
pages={1773-1795},
keywords={automated highways;behavioural sciences;computer vision;filtering theory;image fusion;object detection;object tracking;road vehicles;stereo image processing;active sensor-vision fusion;behavior understanding;dynamical models;filtering analysis;intelligent vehicle research;monocular vision domains;on-road behavior analysis;on-road vision-based vehicle detection;sensor-based on-road surround analysis;spatiotemporal measurements;stereo-vision domains;vision-based surround perception;vision-based vehicle tracking;Computer vision;Intelligent vehicles;Machine learning;Object detection;Object tracking;Computer vision;intelligent vehicles;machine learning;object detection;object tracking},
doi={10.1109/TITS.2013.2266661},
ISSN={1524-9050},
month={Dec},}

@INPROCEEDINGS{gpuHOG,
author={H. Sugano and R. Miyamoto and Y. Nakamura},
booktitle={Ph.D. Research in Microelectronics and Electronics (PRIME), 2010 Conference on},
title={Optimized parallel implementation of pedestrian tracking using HOG features on GPU},
year={2010},
pages={1-4},
keywords={computer graphic equipment;coprocessors;feature extraction;image recognition;statistical analysis;traffic engineering computing;HOG features;graphics processing unit;histogram-of-gradients;pedestrian recognition;pedestrian tracking;Feature extraction;Graphics processing unit;Histograms;Instruction sets;Pixel;Support vector machines},
month={July},}

@INPROCEEDINGS{humancascadesHOG,
author={Qiang Zhu and Mei-Chen Yeh and Kwang-Ting Cheng and S. Avidan},
booktitle={Computer Vision and Pattern Recognition, 2006 IEEE Computer Society Conference on},
title={Fast Human Detection Using a Cascade of Histograms of Oriented Gradients},
year={2006},
volume={2},
pages={1491-1498},
keywords={Assembly;Clothing;Face detection;Histograms;Humans;Image representation;Laboratories;Object detection;Support vector machine classification;Support vector machines},
doi={10.1109/CVPR.2006.119},
ISSN={1063-6919},
month={},}

@INPROCEEDINGS{humanblockHOG,
author={Minsung Kang and Young Chul Lim},
booktitle={Informatics in Control, Automation and Robotics (ICINCO), 2014 11th International Conference on},
title={Pedestrian detection using HOG-based block selection},
year={2014},
volume={02},
pages={783-787},
keywords={Feature extraction;Graphics processing units;Green products;Histograms;Intelligent vehicles;Real-time systems;Vehicles;Camera;Computer Vision;HOG;Intelligent Vehicle;Pedestrian Detection},
month={Sept},}

@INPROCEEDINGS{6316602,
author={J. Xu and A. Beaugendre and S. Goto},
booktitle={Computer Sciences and Convergence Information Technology (ICCIT), 2011 6th International Conference on},
title={Real-time human tracking by detection based on HOG and particle filter},
year={2011},
pages={193-198},
keywords={computer graphics;hidden feature removal;image colour analysis;image texture;object detection;object tracking;particle filtering (numerical methods);video surveillance;HOG;color-edge texture histogram;foreground blob extraction;foreground object detection method;histogram of oriented gradient;local binary pattern calculation;multihuman tracking;occlusion solution strategy;particle filter tracking;real-time human tracking detection method;video surveillance system;Feature extraction;Histograms;Humans;Image edge detection;Particle filters;Real-time systems;Target tracking},
month={Nov},}

@INPROCEEDINGS{singlecameraHOG,
author={X. Li and X. Guo},
booktitle={Intelligent Human-Machine Systems and Cybernetics (IHMSC), 2013 5th International Conference on},
title={A HOG Feature and SVM Based Method for Forward Vehicle Detection with Single Camera},
year={2013},
volume={1},
pages={263-266},
keywords={driver information systems;edge detection;feature extraction;image classification;object detection;statistical analysis;support vector machines;HOG feature;SVM based method;automotive safety driver assistance system;forward vehicle detection;histogram analysis method;histogram-of-gradients feature;illumination circumstances;shadow horizontal edge feature;shadow underneath vehicle;shadow vertical edge feature;single camera;support vector machines;vehicle classifier;Feature extraction;Histograms;Safety;Support vector machines;Training;Vehicle detection;Vehicles;Automotive safety driver assistance system;Forward vehicle detection;Histogram of gradient;Support vector machine;Vehicle classifier},
doi={10.1109/IHMSC.2013.69},
month={Aug},}

@INPROCEEDINGS{svmHOG,
author={S. H. Lee and M. Bang and K. H. Jung and K. Yi},
booktitle={Consumer Electronics (ISCE), 2015 IEEE International Symposium on},
title={An efficient selection of HOG feature for SVM classification of vehicle},
year={2015},
pages={1-2},
keywords={driver information systems;feature extraction;image classification;object detection;support vector machines;HOG feature;SVM classification;advanced driver assistance systems applications;computing complexity;histogram of oriented gradients;support vector machine;symmetric characteristics;vehicle detection;Accuracy;Advanced driver assistance systems;Feature extraction;Histograms;Support vector machines;Vehicle detection;Vehicles;ADAS;HOG;SVM;vehicle detection},
doi={10.1109/ISCE.2015.7177766},
month={June},}

@article{opencv,
    author = {Bradski, G.},
    citeulike-article-id = {2236121},
    journal = {Dr. Dobb's Journal of Software Tools},
    keywords = {bibtex-import},
    posted-at = {2008-01-15 19:21:54},
    priority = {4},
    title = {The Open Source Computer Vision (OpenCV) library},
    year = {2000},
    number = {1},
    volume = {1},
    pages = {1},
    numpages = {1},
}

%related
@Inbook{Dalal2006,
author={Dalal, Navneet and Triggs, Bill and Schmid, Cordelia},
editor={Leonardis, Ales and Bischof, Horst and Pinz, Axel},
chapter={Human Detection Using Oriented Histograms of Flow and Appearance},
title={Computer Vision -- ECCV 2006: 9th European Conference on Computer Vision, Graz, Austria, May 7-13, 2006. Proceedings, Part II},
year={2006},
publisher={Springer Berlin Heidelberg},
address={Berlin, Heidelberg},
pages={428--441},
isbn={978-3-540-33835-2},
doi={10.1007/11744047\_33},
url={http://dx.doi.org/10.1007/11744047\_33}
}

@INPROCEEDINGS{Zhu2006,
author={Qiang Zhu and Mei-Chen Yeh and Kwang-Ting Cheng and S. Avidan},
booktitle={Computer Vision and Pattern Recognition, 2006 IEEE Computer Society Conference on},
title={Fast Human Detection Using a Cascade of Histograms of Oriented Gradients},
year={2006},
volume={2},
pages={1491-1498},
keywords={Assembly;Clothing;Face detection;Histograms;Humans;Image representation;Laboratories;Object detection;Support vector machine classification;Support vector machines},
doi={10.1109/CVPR.2006.119},
ISSN={1063-6919},
month={},}

@ARTICLE{Dollar2012,
author={P. Dollar and C. Wojek and B. Schiele and P. Perona},
journal={IEEE Transactions on Pattern Analysis and Machine Intelligence},
title={Pedestrian Detection: An Evaluation of the State of the Art},
year={2012},
volume={34},
number={4},
pages={743-761},
keywords={computer vision;object detection;traffic engineering computing;computer vision;monocular image;partially occluded pedestrian;pedestrian detection;quality of life;state-of-the-art detector;urban scene;Cameras;Detectors;Heating;Labeling;Pixel;Testing;Training;Caltech Pedestrian data set.;Pedestrian detection;benchmark;data set;evaluation;object detection;Automatic Data Processing;Humans;Image Enhancement;Image Interpretation, Computer-Assisted;Pattern Recognition, Automated;Sensitivity and Specificity},
doi={10.1109/TPAMI.2011.155},
ISSN={0162-8828},
month={April},}

@ARTICLE{satpathy2014,
author={A. Satpathy and X. Jiang and H. L. Eng},
journal={IEEE Transactions on Image Processing},
title={Human Detection by Quadratic Classification on Subspace of Extended Histogram of Gradients},
year={2014},
volume={23},
number={1},
pages={287-297},
keywords={gradient methods;image classification;principal component analysis;APCA;ExHoG;asymmetric principal component analysis;benchmarking data sets;extended histogram of oriented gradients;histogram bin;human detection;quadratic classification;subspace;HOG;Histogram of gradients;asymmetric principal component analysis;dimension reduction;human detection},
doi={10.1109/TIP.2013.2264677},
ISSN={1057-7149},
month={Jan},}

%SVMlight
@InCollection{joachims1999,
  author =   {T. Joachims},
  booktitle =    {Advances in Kernel Methods - Support Vector
                  Learning},
  title =    {Making large-Scale {SVM} Learning Practical},
  publisher =    {MIT Press},
  address =  {Cambridge, MA},
  year =     1999,
  editor =   {B. Sch{\"o}lkopf and C. Burges and A. Smola},
  chapter =  11,
  pages =    {169--184}
}

@misc{googleCrash,
  author =   {Google},
  title = {{Wired} Google's Self-Driving Car Caused Its First Crash},
  howpublished = {\url{http://www.wired.com/2016/02/googles-self-driving-car-may-caused-first-crash/}},
  note = {Accessed: 2016-04-05},
  year = {2016},
}

@misc{googleReport,
  author =   {Google},
  title = {Google Self-Driving Car Project Montly Report},
  howpublished = {\url{https://www.google.com/selfdrivingcar/reports/}},
  note = {Accessed: 2016-06-01},
  year = {2016},
}

@article{fawcett2006introduction,
  title={An introduction to ROC analysis},
  author={Fawcett, Tom},
  journal={Pattern recognition letters},
  volume={27},
  number={8},
  pages={861--874},
  year={2006},
  publisher={Elsevier}

}​


%hog quality references
@inproceedings{yang2012,
 author = {Yang, Xiaodong and Zhang, Chenyang and Tian, YingLi},
 title = {Recognizing Actions Using Depth Motion Maps-based Histograms of Oriented Gradients},
 booktitle = {Proceedings of the 20th ACM International Conference on Multimedia},
 series = {MM '12},
 year = {2012},
 isbn = {978-1-4503-1089-5},
 location = {Nara, Japan},
 pages = {1057--1060},
 numpages = {4},
 url = {http://doi.acm.org/10.1145/2393347.2396382},
 doi = {10.1145/2393347.2396382},
 acmid = {2396382},
 publisher = {ACM},
 address = {New York, NY, USA},
 keywords = {3d action recognition, depth maps, feature representation, rgbd camera},
}

@InProceedings{lim2013,
author = {Lim, Joseph J. and Zitnick, C. L. and Dollar, Piotr},
title = {Sketch Tokens: A Learned Mid-level Representation for Contour and Object Detection},
booktitle = {The IEEE Conference on Computer Vision and Pattern Recognition (CVPR)},
month = {June},
year = {2013},
}

@InProceedings{ren2013,
author = {Ren, Xiaofeng and Ramanan, Deva},
title = {Histograms of Sparse Codes for Object Detection},
booktitle = {The IEEE Conference on Computer Vision and Pattern Recognition (CVPR)},
month = {June},
year = {2013}
}

%resolvendo o problema das bounding boxes
@inproceedings{malisiewicz2011,
  Author =   {Tomasz Malisiewicz and Abhinav Gupta and Alexei A. Efros},
  Booktitle =    {ICCV},
  Title =    {Ensemble of Exemplar-SVMs for Object Detection and Beyond},
  Year =     2011
}

%patterson
@book{patterson2011,
 author = {Hennessy, John L. and Patterson, David A.},
 title = {Computer Architecture, Fifth Edition: A Quantitative Approach},
 year = {2011},
 isbn = {012383872X, 9780123838728},
 edition = {5th},
 publisher = {Morgan Kaufmann Publishers Inc.},
 address = {San Francisco, CA, USA},
}

@ARTICLE{TC2016,
author={D. A. G. de Oliveira and L. L. Pilla and T. Santini and P. Rech},
journal={IEEE Transactions on Computers},
title={Evaluation and Mitigation of Radiation-Induced Soft Errors in Graphics Processing Units},
year={2016},
volume={65},
number={3},
pages={791-804},
keywords={error correction codes;fault tolerant computing;graphics processing units;GPU memory structure;GPU operative error rates;GPU reliability;algorithm-based fault tolerance;comparison hardening strategy;data centers;error-correcting code;graphics processing units;high-performance computing application;radiation-induced soft error;safety-critical application;soft error evaluation;soft error mitigation;supercomputers;Error correction codes;Graphics processing units;Instruction sets;Neutrons;Registers;Reliability;Sensitivity;GPU;fault-tolerance;neutron sensitivity;parallel processors;reliability},
doi={10.1109/TC.2015.2444855},
ISSN={0018-9340},
month={March},}

%ufrgs-carol2016logsHOG
@misc{ufrgs-carol2016logsHOG,
  author =   {Fernando Fernandes dos Santos and Paolo Rech and Daniel Oliveira and Lucas Weigel and Philippe Navaux and Luigi Carro and Claudio Rogito Jung},
  title = {taco2016-log-data},
  howpublished = {\url{https://github.com/UFRGS-CAROL/taco2016-log-data}},
  note = {Last update: 2016-06-01},
  year = {2016},
}

@INPROCEEDINGS{GPUQin,
author={B. Fang and K. Pattabiraman and M. Ripeanu and S. Gurumurthi},
booktitle={Performance Analysis of Systems and Software (ISPASS), 2014 IEEE International Symposium on},
title={GPU-Qin: A methodology for evaluating the error resilience of GPGPU applications},
year={2014},
pages={221-230},
  publisher={IEEE},
  address={},
keywords={fault tolerant computing;graphics processing units;GPGPU applications;GPU-Qin methodology;end-to-end reliability implications;error resilience evaluation;fault-injection methodology;general-purpose graphics processing units;Graphics processing units;Hardware;Instruction sets;Parallel processing;Registers;Resilience;Transient analysis},
doi={10.1109/ISPASS.2014.6844486},
month={March},
}

@article{tegrak1,
 author = {Nvidia},
 title = {Tegra K1 Techinical Reference Manual},
 journal = {DP-06905-001-v03p},
 year = {2014},
}
%

@article{apu,
 author = {Advanced Micro Devices AMD},
 title = {BIOS and Kernel Developer Guide for AMD Family 16h Models 00h-0Fh Processors},
 journal = {Technical doc 48751 Rev 3.03},
 year = {2015},
}


@article{tegrax1,
 author = {Nvidia},
 title = {Tegra X1 Techinical Reference Manual},
 journal = {TRM DP 07225 001-v1.1p},
 year = {2016},
}

@misc{arm73,
 author = {ARM},
 title = {ARM Cortex-A73 MPCore Processor Technical Reference Manual Revision: r0p2},
 url = {http://infocenter.arm.com/help/topic/com.arm.doc.100048_0002_04_en/cortex_a73_trm_100048_0002_04_en.pdf},
 year = {2016},
}

@article{intelman,
author = {Intel},
title = {Intel® 64 and IA-32 Architectures Software Developer’s Manual Combined Volumes: 1, 2A, 2B, 2C, 2D, 3A, 3B, 3C and 3D},
 url = {http://www.intel.com/content/dam/www/public/us/en/documents/manuals/64-ia-32-architectures-software-developer-manual-325462.pdf},
 year = {2016},
}

%justify system crashes
@article{li2008,
 author = {Li, Man-Lap and Ramachandran, Pradeep and Sahoo, Swarup Kumar and Adve, Sarita V. and Adve, Vikram S. and Zhou, Yuanyuan},
 title = {Understanding the Propagation of Hard Errors to Software and Implications for Resilient System Design},
 journal = {SIGOPS Oper. Syst. Rev.},
 issue_date = {March 2008},
 volume = {42},
 number = {2},
 month = mar,
 year = {2008},
 issn = {0163-5980},
 pages = {265--276},
 numpages = {12},
 url = {http://doi.acm.org/10.1145/1353535.1346315},
 doi = {10.1145/1353535.1346315},
 acmid = {1346315},
 publisher = {ACM},
 address = {New York, NY, USA},
 keywords = {architecture, error detection, fault injection, permanent fault},
}

@Inbook{nakka2005,
author="Nakka, Nithin
and Saggese, Giacinto Paolo
and Kalbarczyk, Zbigniew
and Iyer, Ravishankar K.",
editor="Dal Cin, Mario
and Ka{\^a}niche, Mohamed
and Pataricza, Andr{\'a}s",
title="An Architectural Framework for Detecting Process Hangs/Crashes",
bookTitle="Dependable Computing - EDCC 5: 5th European Dependable Computing Conference, Budapest, Hungary, April 20-22, 2005. Proceedings",
year="2005",
publisher="Springer Berlin Heidelberg",
address="Berlin, Heidelberg",
pages="103--121",
isbn="978-3-540-32019-7",
doi="10.1007/11408901_8",
url="http://dx.doi.org/10.1007/11408901_8"
}

@INPROCEEDINGS{pattabiraman2006,
author={K. Pattabiraman and G. P. Saggese and D. Chen and Z. Kalbarczyk and R. K. Iyer},
booktitle={2006 Sixth European Dependable Computing Conference},
title={Dynamic Derivation of Application-Specific Error Detectors and their Implementation in Hardware},
year={2006},
pages={97-108},
keywords={error handling;software fault tolerance;application-specific error detectors;automated error detector derivation;dynamic application execution traces;fault injection;runtime checking;Computer crashes;Data analysis;Data mining;Detectors;Fault detection;Hardware;Heuristic algorithms;Programming profession;Protection;Runtime},
doi={10.1109/EDCC.2006.9},
month={Oct},}

%maybe
@INPROCEEDINGS{weining2003,
author={Weining Gu and Z. Kalbarczyk and Ravishankar and K. Iyer and Zhenyu Yang},
booktitle={Dependable Systems and Networks, 2003. Proceedings. 2003 International Conference on},
title={Characterization of linux kernel behavior under errors},
year={2003},
pages={459-468},
keywords={Computer crashes;Delay;Failure analysis;File systems;Hardware;Kernel;Linux;Operating systems;Protection;Registers},
doi={10.1109/DSN.2003.1209956},
month={June},}

%fault sources
@INPROCEEDINGS{laprie95,
author={J. C. Laprie},
booktitle={Fault-Tolerant Computing, 1995, Highlights from Twenty-Five Years., Twenty-Fifth International Symposium on},
title={DEPENDABLE COMPUTING AND FAULT TOLERANCE : CONCEPTS AND TERMINOLOGY},
year={1995},
pages={2-},
keywords={Dictionaries;Fault tolerance;Fault tolerant systems;Guidelines;Helium;Maintenance;Procurement;Radio access networks;Safety;Terminology},
doi={10.1109/FTCSH.1995.532603},
month={Jun},}

@INPROCEEDINGS{lutz93,
author={R. R. Lutz},
booktitle={Requirements Engineering, 1993., Proceedings of IEEE International Symposium on},
title={Analyzing software requirements errors in safety-critical, embedded systems},
year={1993},
pages={126-133},
keywords={errors;formal specification;program testing;safety;software reliability;systems analysis;discrepancies;documented requirements specifications;error mechanisms;safety-critical embedded systems;safety-related software errors;software requirements errors;Computer errors;Control systems;Embedded computing;Embedded software;Embedded system;Error analysis;Error correction;Propulsion;Software safety;Space vehicles},
doi={10.1109/ISRE.1993.324825},
month={Jan},}

@INPROCEEDINGS{nicolaidis99,
author={M. Nicolaidis},
booktitle={VLSI Test Symposium, 1999. Proceedings. 17th IEEE},
title={Time redundancy based soft-error tolerance to rescue nanometer technologies},
year={1999},
pages={86-94},
keywords={VLSI;fault tolerance;integrated circuit design;integrated circuit reliability;radiation effects;redundancy;alpha particles;commodity applications;cosmic radiation;deep submicron scaling;error rates;fault tolerant design;fault tolerant techniques;geometry shrinking;nanometer technologies;noise sources;operating frequencies;power supply reduction;single event upsets;time redundancy based soft-error tolerance;Alpha particles;Error analysis;Fault tolerance;Frequency;Geometry;Power supplies;Redundancy;Sea level;Single event upset;Space technology},
doi={10.1109/VTEST.1999.766651},
ISSN={1093-0167},
month={},}

@ARTICLE{Chen2016,
author={H. M. Chen and S. Jeloka and A. Arunkumar and D. Blaauw and C. J. Wu and T. Mudge and C. Chakrabarti},
journal={IEEE Transactions on Computers},
title={Using Low Cost Erasure and Error Correction Schemes to Improve Reliability of Commodity DRAM Systems},
year={2016},
volume={65},
number={12},
pages={3766-3779},
keywords={DRAM chips;error correction;integrated circuit reliability;memory architecture;Chipkill-Correct protection;DRAM access latency;E-ECC schemes;SPEC2006 workloads;commodity DRAM system reliability;decoding latency;error correction scheme;faulty chip;low cost erasure correction scheme;memory architecture;random error;symbol-based codes;DRAM memory;Decoding;Error correction;Error correction codes;Random access memory;DRAM Memory system;chipkill-correct;erasure and error correction;error control coding (ECC);reliability},
doi={10.1109/TC.2016.2550455},
ISSN={0018-9340},
month={Dec},}

@INPROCEEDINGS{Hassan2016,
author={S. M. Hassan and W. J. Song and S. Mukhopadhyay and S. Yalamanchili},
booktitle={2016 IEEE International Reliability Physics Symposium (IRPS)},
title={Reliability-performance tradeoffs between 2.5D and 3D-stacked DRAM processors},
year={2016},
pages={MY-2-1-MY-2-5},
keywords={DRAM chips;elemental semiconductors;integrated circuit reliability;silicon;2.5D stacked memory systems;2.5D-stacked DRAM processors;3D stacked memory systems;3D-stacked DRAM processors;DRAM die;Si;performance improvement;reliability-performance tradeoffs;scaling system density;separate core die;silicon interposer;thermally-induced degradation;Bandwidth;Multicore processing;Program processors;Random access memory;Reliability engineering;Three-dimensional displays;3D Stacked DRAM;Die Stacking Technology;Lifetime;Refresh Rate;Reliability;Silicon Interposer Technology;System Performance;Temperature},
doi={10.1109/IRPS.2016.7574618},
month={April},}

@ARTICLE{saggese2005,
author={G. P. Saggese and N. J. Wang and Z. T. Kalbarczyk and S. J. Patel and R. K. Iyer},
journal={IEEE Micro},
title={An experimental study of soft errors in microprocessors},
year={2005},
volume={25},
number={6},
pages={30-39},
keywords={computer architecture;embedded systems;error detection;logic design;microprocessor chips;DLX processor;combinational logic;embedded applications;high-performance alpha processor;microarchitectures;microprocessors;sequential logic;soft errors;Application software;Computer crashes;Computer errors;Electromagnetic interference;Flip-flops;Logic devices;Microprocessors;Pins;Registers;Voltage;Assessment and Protection Techniques;Fault Injection;Microprocessor Architecture;Soft error sensitivity;Soft errors},
doi={10.1109/MM.2005.104},
ISSN={0272-1732},
month={Nov},}

%%here taco finish

%system recovery references
%~\cite{candea2001,lee2005,wu2006}
@inproceedings{candea2001,
 author = {Candea, George and Fox, Armando},
 title = {Recursive Restartability: Turning the Reboot Sledgehammer into a Scalpel},
 booktitle = {Proceedings of the Eighth Workshop on Hot Topics in Operating Systems},
 series = {HOTOS '01},
 year = {2001},
 pages = {125--},
 url = {http://dl.acm.org/citation.cfm?id=874075.876408},
 acmid = {876408},
 publisher = {IEEE Computer Society},
 address = {Washington, DC, USA},
}

%caffe
@inproceedings{Jia2014,
 author = {Jia, Yangqing and Shelhamer, Evan and Donahue, Jeff and Karayev, Sergey and Long, Jonathan and Girshick, Ross and Guadarrama, Sergio and Darrell, Trevor},
 title = {Caffe: Convolutional Architecture for Fast Feature Embedding},
 booktitle = {Proceedings of the 22Nd ACM International Conference on Multimedia},
 series = {MM '14},
 year = {2014},
 isbn = {978-1-4503-3063-3},
 location = {Orlando, Florida, USA},
 pages = {675--678},
 numpages = {4},
 url = {http://doi.acm.org/10.1145/2647868.2654889},
 doi = {10.1145/2647868.2654889},
 acmid = {2654889},
 publisher = {ACM},
 address = {New York, NY, USA},
 keywords = {computer vision, machine learning, neural networks, open source, parallel computation},
}

@inproceedings{VanEssen2015,
 author = {Van Essen, Brian and Kim, Hyojin and Pearce, Roger and Boakye, Kofi and Chen, Barry},
 title = {LBANN: Livermore Big Artificial Neural Network HPC Toolkit},
 booktitle = {Proceedings of the Workshop on Machine Learning in High-Performance Computing Environments},
 series = {MLHPC '15},
 year = {2015},
 isbn = {978-1-4503-4006-9},
 location = {Austin, Texas},
 pages = {5:1--5:6},
 articleno = {5},
 numpages = {6},
 url = {http://doi.acm.org/10.1145/2834892.2834897},
 doi = {10.1145/2834892.2834897},
 acmid = {2834897},
 publisher = {ACM},
 address = {New York, NY, USA},
 keywords = {artificial neural networks, deep learning, high performance computing},
}

@INPROCEEDINGS{neagoe2012,
author={V. E. Neagoe and A. D. Ciotec and A. P. Bărar},
booktitle={2012 9th International Conference on Communications (COMM)},
title={A concurrent neural network approach to pedestrian detection in thermal imagery},
year={2012},
pages={133-136},
keywords={educational institutions;feature extraction;image classification;infrared imaging;object detection;pedestrians;self-organising feature maps;CSOM classifier;FNER;FPER;HOG;OTCBVS OSU thermal pedestrian database;Ohio State University;ROI detection;SOM modules;concurrent neural network classifier;concurrent self-organizing maps;decision fusion;false negative error rate;false positive error rate;feature selection;histogram of oriented gradients;neural modules;nonpedestrians;pedestrian detection;regions of interest detection;thermal imagery;total success rate;Classification algorithms;Feature extraction;Histograms;Principal component analysis;Self organizing feature maps;Training;concurrent self-organizing maps (CSOM);histogram of oriented gradients (HOG);night vision;pedestrian detection;thermal imagery},
doi={10.1109/ICComm.2012.6262539},
month={June},}

@INPROCEEDINGS{amin2013,
author={S. U. Amin and K. Agarwal and R. Beg},
booktitle={2013 IEEE Conference on Information Communication Technologies},
title={Genetic neural network based data mining in prediction of heart disease using risk factors},
year={2013},
pages={1227-1231},
keywords={cardiology;data mining;medical computing;neural nets;risk analysis;backpropagation;clinical dataset;clinical decision support systems;data mining;discover hidden patterns;genetic algorithms;genetic neural network;heart disease;medical data;neural networks;risk factors;Accuracy;Biological neural networks;Data mining;Diseases;Genetic algorithms;Heart;data mining;heart disease risk factors;prediction and diagnosis systems},
doi={10.1109/CICT.2013.6558288},
month={April},}

@article{wu2006,
 author = {Wu, Chin-Hsien and Kuo, Tei-Wei and Chang, Li-Pin},
 title = {The Design of Efficient Initialization and Crash Recovery for Log-based File Systems over Flash Memory},
 journal = {Trans. Storage},
 issue_date = {November 2006},
 volume = {2},
 number = {4},
 month = nov,
 year = {2006},
 issn = {1553-3077},
 pages = {449--467},
 numpages = {19},
 url = {http://doi.acm.org/10.1145/1210596.1210600},
 doi = {10.1145/1210596.1210600},
 acmid = {1210600},
 publisher = {ACM},
 address = {New York, NY, USA},
 keywords = {Flash memory, crash recovery, efficient initialization, embedded systems, file systems, storage systems},
}

@INPROCEEDINGS{lee2005,
author={K. Lee and L. Sha},
booktitle={11th IEEE Real Time and Embedded Technology and Applications Symposium},
title={Process resurrection: a fast recovery mechanism for real-time embedded systems},
year={2005},
pages={292-301},
keywords={embedded systems;failure analysis;fault tolerant computing;system recovery;audio player;crash failure recovery mechanism;fast response times;inverted pendulum control system;multimedia applications;process resurrection restart mechanism;processor overhead;real-time embedded system;soft real-time system;Application software;Availability;Computer crashes;Computer science;Control systems;Delay;Embedded system;Process control;Programming;Real time systems},
doi={10.1109/RTAS.2005.42},
ISSN={1545-3421},
month={March},}

@INPROCEEDINGS{Ciregan2012,
author={D. Ciregan and U. Meier and J. Schmidhuber},
booktitle={2012 IEEE Conference on Computer Vision and Pattern Recognition},
title={Multi-column deep neural networks for image classification},
year={2012},
pages={3642-3649},
keywords={graphics processing units;handwritten character recognition;image classification;image recognition;learning (artificial intelligence);neural nets;MNIST handwriting benchmark;artificial neural network architectures;computer vision;convolutional winner-take-all neurons;fast training;graphics cards;handwritten digits recognition;human performance;image classification;machine learning;multicolumn deep neural networks;retina;sparsely connected neural layers;traffic sign recognition benchmark;traffic signs;visual cortex;Benchmark testing;Computer architecture;Error analysis;Graphics processing unit;Neurons;Training},
doi={10.1109/CVPR.2012.6248110},
ISSN={1063-6919},
month={June},}

@inproceedings{Ciresan2012_2,
 author = {Cire\c{s}an, Dan C. and Giusti, Alessandro and Gambardella, Luca M. and Schmidhuber, J\"{u}rgen},
 title = {Deep Neural Networks Segment Neuronal Membranes in Electron Microscopy Images},
 booktitle = {Proceedings of the 25th International Conference on Neural Information Processing Systems},
 series = {NIPS'12},
 year = {2012},
 location = {Lake Tahoe, Nevada},
 pages = {2843--2851},
 numpages = {9},
 url = {http://dl.acm.org/citation.cfm?id=2999325.2999452},
 acmid = {2999452},
 publisher = {Curran Associates Inc.},
 address = {USA},
}

@incollection{Szegedy2013,
title = {Deep Neural Networks for Object Detection},
author = {Szegedy, Christian and Toshev, Alexander and Erhan, Dumitru},
booktitle = {Advances in Neural Information Processing Systems 26},
editor = {C. J. C. Burges and L. Bottou and M. Welling and Z. Ghahramani and K. Q. Weinberger},
pages = {2553--2561},
year = {2013},
publisher = {Curran Associates, Inc.},
url = {http://papers.nips.cc/paper/5207-deep-neural-networks-for-object-detection.pdf}
}

@INPROCEEDINGS{Luo2014,
author={P. Luo and Y. Tian and X. Wang and X. Tang},
booktitle={2014 IEEE Conference on Computer Vision and Pattern Recognition},
title={Switchable Deep Network for Pedestrian Detection},
year={2014},
pages={899-906},
keywords={Boltzmann machines;clutter;image representation;mixture models;object detection;pedestrians;Caltech datasets;ETH datasets;SDN;SRBM;back-propagation;background clutter;complex visual variation mixture;discriminative regions;hierarchical feature learning;mixture body part representations;pedestrian appearance;pedestrian detection;salience map estimation;switchable deep network;switchable restricted Boltzmann machine;Clutter;Detectors;Feature extraction;Logistics;Switches;Training;Vectors},
doi={10.1109/CVPR.2014.120},
ISSN={1063-6919},
month={June},}

@article{Ribeiro2016,
  author    = {David Ribeiro and
               Andr{\'{e}} Mateus and
               Jacinto C. Nascimento and
               Pedro Miraldo},
  title     = {A Real-Time Pedestrian Detector using Deep Learning for Human-Aware
               Navigation},
  journal   = {CoRR},
  volume    = {abs/1607.04441},
  year      = {2016},
  url       = {http://arxiv.org/abs/1607.04441},
  timestamp = {Tue, 02 Aug 2016 12:59:27 +0200},
  biburl    = {http://dblp.uni-trier.de/rec/bib/journals/corr/RibeiroMNM16a},
  bibsource = {dblp computer science bibliography, http://dblp.org}
}

@inproceedings{Angelova2015,
title = {Real-Time Pedestrian Detection With Deep Network Cascades},
author  = {Anelia Angelova and Alex Krizhevsky and Vincent Vanhoucke and Abhijit Ogale and Dave Ferguson},
year  = 2015,
booktitle = {Proceedings of BMVC 2015}
}

@Article{Everingham2010,
author="Everingham, Mark
and Van Gool, Luc
and Williams, Christopher K. I.
and Winn, John
and Zisserman, Andrew",
title="The Pascal Visual Object Classes (VOC) Challenge",
journal="International Journal of Computer Vision",
year="2010",
volume="88",
number="2",
pages="303--338",
abstract="The Pascal Visual Object Classes (VOC) challenge is a benchmark in visual object category recognition and detection, providing the vision and machine learning communities with a standard dataset of images and annotation, and standard evaluation procedures. Organised annually from 2005 to present, the challenge and its associated dataset has become accepted as the benchmark for object detection.",
issn="1573-1405",
doi="10.1007/s11263-009-0275-4",
url="http://dx.doi.org/10.1007/s11263-009-0275-4"
}

@INPROCEEDINGS{Dollar2009,
author={P. Dollar and C. Wojek and B. Schiele and P. Perona},
booktitle={2009 IEEE Conference on Computer Vision and Pattern Recognition},
title={Pedestrian detection: A benchmark},
year={2009},
pages={304-311},
keywords={computer vision;image resolution;object detection;traffic engineering computing;video signal processing;Caltech Pedestrian Dataset;annotated video;computer vision;image resolution;occluded people;pedestrian detection;Application software;Automotive engineering;Computer vision;Failure analysis;Image resolution;Robot vision systems;Safety;Surveillance;Technological innovation;Vehicles},
doi={10.1109/CVPR.2009.5206631},
ISSN={1063-6919},
month={June},}

@article{yolo2015,
  author    = {Joseph Redmon and  Santosh Kumar Divvala and Ross B. Girshick and Ali Farhadi},
  title     = {You Only Look Once: Unified, Real-Time Object Detection},
  journal   = {CoRR},
  volume    = {abs/1506.02640},
  year      = {2015},
  url       = {http://arxiv.org/abs/1506.02640},
  timestamp = {Wed, 01 Jul 2015 15:10:24 +0200},
  biburl    = {http://dblp.uni-trier.de/rec/bib/journals/corr/RedmonDGF15},
  bibsource = {dblp computer science bibliography, http://dblp.org}
}

@article{tegrax1_white,
 author = {Nvidia},
 title = {Tegra X1 NVIDIA New Mobile Superchip},
 journal = {Whitepaper},
 year = {2015},
}

@INPROCEEDINGS{sequin1990,
author={C. H. Sequin and R. D. Clay},
booktitle={1990 IJCNN International Joint Conference on Neural Networks},
title={Fault tolerance in artificial neural networks},
year={1990},
pages={703-708 vol.1},
keywords={fault tolerant computing;learning systems;neural nets;artificial neural networks;backpropagation training;fault tolerance;hardware failures;hidden layer;hidden units;internal representations;layered feedforward networks;retraining techniques;supervised learning},
doi={10.1109/IJCNN.1990.137651},
month={June},}

@ARTICLE{protzel1993,
author={P. W. Protzel and D. L. Palumbo and M. K. Arras},
journal={IEEE Transactions on Neural Networks},
title={Performance and fault-tolerance of neural networks for optimization},
year={1993},
volume={4},
number={4},
pages={600-614},
keywords={fault tolerant computing;mathematics computing;optimisation;recurrent neural nets;fault-tolerance;optimization;real-time distributed processing system;recurrent neural nets;stuck-at-0 faults;stuck-at-1 fault;task allocations;Artificial neural networks;Biological neural networks;Control systems;Degradation;Fault tolerance;Fault tolerant systems;NASA;Neural network hardware;Neural networks;Real time systems},
doi={10.1109/72.238315},
ISSN={1045-9227},
month={Jul},}

@article{tchernev2005,
 author = {Tchernev, Elko B. and Mulvaney, Rory G. and Phatak, Dhananjay S.},
 title = {Investigating the Fault Tolerance of Neural Networks},
 journal = {Neural Comput.},
 issue_date = {July 2005},
 volume = {17},
 number = {7},
 month = jul,
 year = {2005},
 issn = {0899-7667},
 pages = {1646--1664},
 numpages = {19},
 url = {http://dx.doi.org/10.1162/0899766053723096},
 doi = {10.1162/0899766053723096},
 acmid = {1118534},
 publisher = {MIT Press},
 address = {Cambridge, MA, USA},
}

@article{Dollar2012PAMI,
  author = {Piotr Doll\'ar and Christian Wojek and Bernt Schiele and Pietro Perona},
  title = {Pedestrian Detection: An Evaluation of the State of the Art},
  journal = {PAMI},
  volume = {34},
  year = {2012},
}

@misc{pascal-voc-2012,
    author = "Everingham, M. and Van~Gool, L. and Williams, C. K. I. and Winn, J. and Zisserman, A.",
    title = "The {PASCAL} {V}isual {O}bject {C}lasses {C}hallenge 2012 {(VOC2012)} {R}esults",
    howpublished = "http://www.pascal-network.org/challenges/VOC/voc2012/workshop/index.html"
}



@inproceedings{fasterrcnn2015,
    Author = {Shaoqing Ren and Kaiming He and Ross Girshick and Jian Sun},
    Title = {Faster {R-CNN}: Towards Real-Time Object Detection
             with Region Proposal Networks},
    Booktitle = {Advances in Neural Information Processing Systems ({NIPS})},
    Year = {2015}
}

%neural networks reliability
@ARTICLE{Alippi1995,
author={C. Alippi and V. Piuri and M. Sami},
journal={IEEE Transactions on Circuits and Systems I: Fundamental Theory and Applications},
title={Sensitivity to errors in artificial neural networks: a behavioral approach},
year={1995},
volume={42},
number={6},
pages={358-361},
keywords={feedforward neural nets;multilayer perceptrons;neural chips;pattern classification;abstract model;ad-hoc fault-tolerance policies;artificial neural networks;behavioral approach;classification capacity;digital network architecture;error propagation;error sensitivity;feed-forward multilayered networks;neural computation;Artificial neural networks;Capacity planning;Computer architecture;Computer networks;Fault tolerance;Feedforward systems;Intelligent networks;Neural networks;Neurons;Performance analysis},
doi={10.1109/81.390269},
ISSN={1057-7122},
month={Jun},}

@ARTICLE{Bettola1998,
author={S. Bettola and V. Piuri},
journal={IEEE Transactions on Computers},
title={High performance fault-tolerant digital neural networks},
year={1998},
volume={47},
number={3},
pages={357-363},
keywords={fault tolerant computing;feedforward neural nets;multilayer perceptrons;neural nets;ternary logic;data representation;digital neural networks;fault tolerance;fault-tolerant;high-performance architectures;multilayered feed-forward networks;three-rail logic;Computer architecture;Costs;Fault detection;Fault tolerance;Feedforward systems;Logic;Mission critical systems;Neural networks;Performance evaluation;Very large scale integration},
doi={10.1109/12.660173},
ISSN={0018-9340},
month={Mar},}

@INPROCEEDINGS{Piuri1991,
author={F. Distante and V. Piuri},
booktitle={[1991] Proceedings, Advanced Computer Technology, Reliable Systems and Applications},
title={ANNA-use of PADS for artificial neural network analysis: the defect and fault tolerance issue},
year={1991},
pages={537-540},
keywords={fault tolerant computing;neural nets;parallel architectures;virtual machines;ANNA;CAD system;PADS;artificial neural network analyzer;behavioral design;defect tolerance;fault tolerance;integrated environment;parallel architectures;parallel architectures design system;Artificial neural networks;Atherosclerosis;Computational modeling;Design automation;Fault tolerance;Iterative algorithms;Parallel architectures;Process design;Systolic arrays;User interfaces},
doi={10.1109/CMPEUR.1991.257443},
month={May},}

@article{Piuri2001,
 author = {Piuri, Vincenzo},
 title = {Analysis of Fault Tolerance in Artificial Neural Networks},
 journal = {J. Parallel Distrib. Comput.},
 issue_date = {Jan. 2001},
 volume = {61},
 number = {1},
 month = jan,
 year = {2001},
 issn = {0743-7315},
 pages = {18--48},
 numpages = {31},
 url = {http://dx.doi.org/10.1006/jpdc.2000.1663},
 doi = {10.1006/jpdc.2000.1663},
 acmid = {371032},
 publisher = {Academic Press, Inc.},
 address = {Orlando, FL, USA},
}

@ARTICLE{Koren1995,
author={D. S. Phatak and I. Koren},
journal={IEEE Transactions on Neural Networks},
title={Complete and partial fault tolerance of feedforward neural nets},
year={1995},
volume={6},
number={2},
pages={446-456},
keywords={fault tolerant computing;feedforward neural nets;network synthesis;network topology;redundancy;accuracy;complete fault tolerance;failure modes;fault model;feedforward neural nets;hidden unit replication;intrinsic weighted summation operation;majority voting;partial fault tolerance;permanent stuck-at type faults;random testing;redundancy lower bound;robust network synthesis;single faults;triple modular redundancy;Abstracts;Artificial neural networks;Degradation;Fault tolerance;Feedforward neural networks;Neural networks;Redundancy;Robustness;Testing;Voting},
doi={10.1109/72.363479},
ISSN={1045-9227},
month={Mar},}

@ARTICLE{Neti1992,
author={C. Neti and M. H. Schneider and E. D. Young},
journal={IEEE Transactions on Neural Networks},
title={Maximally fault tolerant neural networks},
year={1992},
volume={3},
number={1},
pages={14-23},
keywords={hearing;neural nets;pattern recognition;spectral analysis;auditory system;directionally selective spectral filtering;fault tolerance;feedforward neural network model;neural network modeling;neurons;pattern recognition problem;pinna;response properties;sound localization information;spectral cues;weights;Auditory system;Data mining;Fault tolerance;Feedforward neural networks;Information filtering;Information filters;Information processing;Large-scale systems;Neural networks;Neurons},
doi={10.1109/72.105414},
ISSN={1045-9227},
month={Jan},}

@ARTICLE{Distante1991,
author={F. Distante and M. Sami and R. Stefanelli and G. Storti-Gajani},
journal={Proceedings of the IEEE},
title={Mapping neural nets onto a massively parallel architecture: a defect-tolerance solution},
year={1991},
volume={79},
number={4},
pages={444-460},
keywords={fault tolerant computing;neural nets;parallel architectures;I/O ports;defect-tolerance solution;end-of-production defects;feed-forward multilayered nets;harvesting characteristics;inherent fault tolerance;massively parallel architecture;neural nets mapping;regular array structures;switches;Artificial neural networks;Biological neural networks;Biological system modeling;Biology computing;Computer architecture;Feedforward systems;Neural networks;Neurons;Parallel architectures;Switches},
doi={10.1109/5.92039},
ISSN={0018-9219},
month={Apr},}

@INPROCEEDINGS{Krizhevsky2012,
    author = {Alex Krizhevsky and Ilya Sutskever and Geoffrey E. Hinton},
    title = {Imagenet classification with deep convolutional neural networks},
    booktitle = {Advances in Neural Information Processing Systems},
    year = {2012},
    pages = {2012}
}

@ARTICLE{lenet98,
author={Y. Lecun and L. Bottou and Y. Bengio and P. Haffner},
journal={Proceedings of the IEEE},
title={Gradient-based learning applied to document recognition},
year={1998},
volume={86},
number={11},
pages={2278-2324},
keywords={backpropagation;convolution;multilayer perceptrons;optical character recognition;2D shape variability;GTN;back-propagation;cheque reading;complex decision surface synthesis;convolutional neural network character recognizers},
doi={10.1109/5.726791},
ISSN={0018-9219},
month={Nov},
}

@ARTICLE{sassifi2017,
author={Siva Kumar Sastry Hari and Timothy Tsai and Mark Stephenson and Stephen W. Keckler and Joel Emer},
journal={International Symposium on Performance Analysis of Systems and Software},
title={SASSIFI: An Architecture-level Fault Injection Tool for GPU Application Resilience Evaluation},
year={2017},
month={Oct},
}

@inproceedings{sassi2015,
 author = {Stephenson, Mark Sastry Hari, Siva Kumar and Lee, Yunsup and Ebrahimi, Eiman and Johnson, Daniel R. and Nellans, David and O'Connor, Mike and Keckler, Stephen W.},
 title = {Flexible Software Profiling of GPU Architectures},
 booktitle = {Proceedings of the International Symposium on Computer Architecture},
 series = {ISCA '15},
 year = {2015},
 pages = {185--197},
 numpages = {13},
}

@Inbook{Scherer2010,
author={Scherer, Dominik
and M{\"u}ller, Andreas
and Behnke, Sven},
editor={Diamantaras, Konstantinos
and Duch, Wlodek
and Iliadis, Lazaros S.},
title={Evaluation of Pooling Operations in Convolutional Architectures for Object Recognition",
bookTitle="Artificial Neural Networks -- ICANN 2010: 20th International Conference, Thessaloniki, Greece, September 15-18, 2010, Proceedings, Part III},
year={2010},
publisher={Springer Berlin Heidelberg},
address={Berlin, Heidelberg},
pages={92--101},
isbn={978-3-642-15825-4},
doi={10.1007/978-3-642-15825-4_10},
url={http://dx.doi.org/10.1007/978-3-642-15825-4_10}
}

@ARTICLE{Poggio1999,
author={M. Riesenhuber and T. Poggio.},
title={Hierarchical models of object recognition in cortex},
publisher={Nature Neuroscience},
year={1999},
doi={10.1038/14819},
url={https://www.ncbi.nlm.nih.gov/pubmed/10526343}
}

@misc{anonymous_data_repo,
    author = "Anonymous authors",
    title = "Anonymous data",
    howpublished = "https://www.dropbox.com/s/r5tal4gar78ofd5/data.tar.gz"
}

@inproceedings{Ashraf2015,
 author = {Ashraf, Rizwan A. and Gioiosa, Roberto and Kestor, Gokcen and DeMara, Ronald F. and Cher, Chen-Yong and Bose, Pradip},
 title = {Understanding the Propagation of Transient Errors in HPC Applications},
 booktitle = {Proceedings of the International Conference for High Performance Computing, Networking, Storage and Analysis},
 series = {SC '15},
 year = {2015},
 isbn = {978-1-4503-3723-6},
 location = {Austin, Texas},
 pages = {72:1--72:12},
 articleno = {72},
 numpages = {12},
 url = {http://doi.acm.org/10.1145/2807591.2807670},
 doi = {10.1145/2807591.2807670},
 acmid = {2807670},
 publisher = {ACM},
 address = {New York, NY, USA},
 keywords = {application vulnerability, distributed applications, fault injection, fault propagation, resiliency, soft errors},
}

@INPROCEEDINGS{SC16,
author={G. Li and K. Pattabiraman and C. Y. Cher and P. Bose},
booktitle={SC16: International Conference for High Performance Computing, Networking, Storage and Analysis},
title={Understanding Error Propagation in GPGPU Applications},
year={2016},
volume={},
number={},
pages={240-251},
  publisher = {IEEE},
  address = {},
keywords={graphics processing units;parallel processing;program compilers;software reliability;GPGPU;HPC;compiler-based fault-injection tool;error propagation;general-purpose accelerators;high-performance computing;reliability characteristics;Central Processing Unit;Circuit faults;Computational modeling;Graphics processing units;Hardware;Kernel;Programming;CUDA;Error Propagation;Error Resilience;Fault Injection;GPGPU},
doi={10.1109/SC.2016.20},
ISSN={},
month={Nov},}

@INPROCEEDINGS{vanhauwaert2009,
author={R. Leveugle and A. Calvez and P. Maistri and P. Vanhauwaert},
booktitle={2009 Design, Automation Test in Europe Conference Exhibition},
title={Statistical fault injection: Quantified error and confidence},
year={2009},
volume={},
number={},
pages={502-506},
keywords={fault diagnosis;integrated circuits;statistical analysis;dependability analysis;integrated circuit;statistical fault injection;Alpha particles;Circuit faults;Electromagnetic interference;Emulation;Indium phosphide;Integrated circuit manufacture;Integrated circuit technology;Laboratories;Neutrons;Sea level;dependability analysis;statistical fault injection},
doi={10.1109/DATE.2009.5090716},
ISSN={1530-1591},
month={April},}

@Inbook{Wang2014,
author="Wang, Xinchao
and T{\"u}retken, Engin
and Fleuret, Fran{\c{c}}ois
and Fua, Pascal",
editor="Fleet, David
and Pajdla, Tomas
and Schiele, Bernt
and Tuytelaars, Tinne",
title="Tracking Interacting Objects Optimally Using Integer Programming",
bookTitle="Computer Vision -- ECCV 2014: 13th European Conference, Zurich, Switzerland, September 6-12, 2014, Proceedings, Part I",
year="2014",
publisher="Springer International Publishing",
address="Cham",
pages="17--32",
abstract="In this paper, we show that tracking different kinds of interacting objects can be formulated as a network-flow Mixed Integer Program. This is made possible by tracking all objects simultaneously and expressing the fact that one object can appear or disappear at locations where another is in terms of linear flow constraints. We demonstrate the power of our approach on scenes involving cars and pedestrians, bags being carried and dropped by people, and balls being passed from one player to the next in a basketball game. In particular, we show that by estimating jointly and globally the trajectories of different types of objects, the presence of the ones which were not initially detected based solely on image evidence can be inferred from the detections of the others.",
isbn="978-3-319-10590-1",
doi="10.1007/978-3-319-10590-1_2",
url="https://doi.org/10.1007/978-3-319-10590-1_2"
}

@INPROCEEDINGS{sung2014,
author={K. Hwang and W. Sung},
booktitle={2014 IEEE Workshop on Signal Processing Systems (SiPS)},
title={Fixed-point feedforward deep neural network design using weights +1, 0, and -1},
year={2014},
volume={},
number={},
pages={1-6},
keywords={backpropagation;character recognition;feedforward neural nets;fixed point arithmetic;signal processing;3-bit signal;backpropagation based retraining;character recognition;fixed-point feedforward deep neural network design;fixed-point signal;hardware complexity;phoneme recognition;quantized weights;ternary weights;Backpropagation;Error analysis;Feedforward neural networks;Hardware;Quantization (signal);Training},
doi={10.1109/SiPS.2014.6986082},
ISSN={2162-3562},
month={Oct},}


@INPROCEEDINGS{sung2015,
author={S. Anwar and K. Hwang and W. Sung},
booktitle={2015 IEEE International Conference on Acoustics, Speech and Signal Processing (ICASSP)},
title={Fixed point optimization of deep convolutional neural networks for object recognition},
year={2015},
volume={},
number={},
pages={1131-1135},
keywords={neural nets;object recognition;optimisation;speech recognition;L2 error minimization;computational complexity;deep convolutional neural networks;faster classification;fixed point deep convolutional neural networks;fixed point optimization;hardware complexity;image recognition applications;network parameters;object recognition;optimization method;speech recognition applications;Biological neural networks;Convolution;Minimization;Quantization (signal);Sensitivity analysis;Training;convolutional neural network;quantization;sparsity;word length optimization},
doi={10.1109/ICASSP.2015.7178146},
ISSN={1520-6149},
month={April},}

@ARTICLE{Pilla2014,
author={L. L. Pilla and P. Rech and F. Silvestri and C. Frost and P. O. A. Navaux and M. S. Reorda and L. Carro},
journal={IEEE Transactions on Nuclear Science},
title={Software-Based Hardening Strategies for Neutron Sensitive FFT Algorithms on GPUs},
year={2014},
volume={61},
number={4},
pages={1874-1880},
keywords={error correction codes;fast Fourier transforms;graphics processing units;high energy physics instrumentation computing;neutron detection;radiation hardening (electronics);ECC;Fast Fourier Transform algorithm;GPU;Graphics Processing Units;built-in error-correction code;data dependencies;failure rate;multiple errors;neutron sensitive FFT algorithms;neutron sensitivity;software-based hardening strategies;unhardened FFT;Algorithm design and analysis;Error correction codes;Graphics processing units;Instruction sets;Neutrons;Signal processing algorithms;Vectors;Error correction code (ECC);fast fourier transform (FFT);graphics processing unit (GPU);neutron sensitivity;software-based hardening strategies},
doi={10.1109/TNS.2014.2301768},
ISSN={0018-9499},
month={Aug},}

@article{cudNN2014,
  author    = {Sharan Chetlur and
               Cliff Woolley and
               Philippe Vandermersch and
               Jonathan Cohen and
               John Tran and
               Bryan Catanzaro and
               Evan Shelhamer},
  title     = {cuDNN: Efficient Primitives for Deep Learning},
  journal   = {CoRR},
  volume    = {abs/1410.0759},
  year      = {2014},
  url       = {http://arxiv.org/abs/1410.0759},
  timestamp = {Wed, 07 Jun 2017 14:40:09 +0200},
  biburl    = {http://dblp.uni-trier.de/rec/bib/journals/corr/ChetlurWVCTCS14},
  bibsource = {dblp computer science bibliography, http://dblp.org}
}

@article{lecun2013,
  author    = {Micha{\"{e}}l Mathieu and
               Mikael Henaff and
               Yann LeCun},
  title     = {Fast Training of Convolutional Networks through FFTs},
  journal   = {CoRR},
  volume    = {abs/1312.5851},
  year      = {2013},
  url       = {http://arxiv.org/abs/1312.5851},
  timestamp = {Wed, 07 Jun 2017 14:42:17 +0200},
  biburl    = {http://dblp.uni-trier.de/rec/bib/journals/corr/MathieuHL13},
  bibsource = {dblp computer science bibliography, http://dblp.org}
}

@article{resnet200,
  author    = {Kaiming He and
               Xiangyu Zhang and
               Shaoqing Ren and
               Jian Sun},
  title     = {Identity Mappings in Deep Residual Networks},
  journal   = {CoRR},
  volume    = {abs/1603.05027},
  year      = {2016},
  url       = {http://arxiv.org/abs/1603.05027},
  archivePrefix = {arXiv},
  eprint    = {1603.05027},
  timestamp = {Wed, 07 Jun 2017 14:40:35 +0200},
  biburl    = {http://dblp.org/rec/bib/journals/corr/HeZR016},
  bibsource = {dblp computer science bibliography, http://dblp.org}
}

@TECHREPORT{Bolt92faulttolerant,
    author = {George Bolt},
    title = {Fault Tolerant Multi-Layer Perceptron Networks},
    institution = {},
    year = {1992}
}Kulakov

@article{KulakovZR15,
  author    = {Anton Kulakov and
               Mark Zwolinski and
               Jeffrey S. Reeve},
  title     = {Fault Tolerance in Distributed Neural Computing},
  journal   = {CoRR},
  volume    = {abs/1509.09199},
  year      = {2015},
  url       = {http://arxiv.org/abs/1509.09199},
  archivePrefix = {arXiv},
  eprint    = {1509.09199},
  timestamp = {Wed, 07 Jun 2017 14:42:40 +0200},
  biburl    = {http://dblp.org/rec/bib/journals/corr/KulakovZR15},
  bibsource = {dblp computer science bibliography, http://dblp.org}
}

@ARTICLE{luo2017,
author={T. Luo and S. Liu and L. Li and Y. Wang and S. Zhang and T. Chen and Z. Xu and O. Temam and Y. Chen},
journal={IEEE Transactions on Computers},
title={DaDianNao: A Neural Network Supercomputer},
year={2017},
volume={66},
number={1},
pages={73-88},
keywords={feedforward neural nets;graphics processing units;learning (artificial intelligence);multiprocessor interconnection networks;parallel machines;CNN;DNN;DaDianNao;GPU;computational capacity-area ratio;convolutional neural networks;custom multichip machine-learning architecture;deep neural networks;electrical interchip interconnects;general-purpose workloads;machine-learning algorithms;memory footprint;multichip system;neural network accelerators;neural network supercomputer;on-chip storage;optical interchip interconnects;Biological neural networks;Computer architecture;Graphics processing units;Hardware;Kernel;Neurons;Supercomputers;CNN;DNN;Machine learning;interconnect;multi-chip;neuron network;supercomputer},
doi={10.1109/TC.2016.2574353},
ISSN={0018-9340},
month={Jan},}

@inproceedings{seventyAuthors,
 author = {Jouppi, Norman P. and others},
 title = {In-Datacenter Performance Analysis of a Tensor Processing Unit},
 booktitle = {Proceedings of the 44th Annual International Symposium on Computer Architecture},
 series = {ISCA '17},
 year = {2017},
 isbn = {978-1-4503-4892-8},
 location = {Toronto, ON, Canada},
 pages = {1--12},
 numpages = {12},
 url = {http://doi.acm.org/10.1145/3079856.3080246},
 doi = {10.1145/3079856.3080246},
 acmid = {3080246},
 publisher = {ACM},
 address = {New York, NY, USA},
 keywords = {CNN, DNN, GPU, LSTM, MLP, RNN, TPU, TensorFlow, accelerator, deep learning, domain-specific architecture, neural network},
}

@MISC{torch7,
    author = {Ronan Collobert and Koray Kavukcuoglu and Clément Farabet},
    title = {Torch7: A Matlab-like Environment for Machine Learning},
    year = {}
}

@inproceedings{lava2009,
 author = {Che, Shuai and Boyer, Michael and Meng, Jiayuan and Tarjan, David and Sheaffer, Jeremy W. and Lee, Sang-Ha and Skadron, Kevin},
 title = {Rodinia: A Benchmark Suite for Heterogeneous Computing},
 booktitle = {Proceedings of the IEEE International Symposium on Workload Characterization (IISWC)},
 year = {2009},
 pages = {44--54},
  publisher={IEEE},
  address={Austin, TX, USA},
 numpages = {11},
}

@MISC{szafaryn2010,
    author = {Lukasz G. Szafaryn and Todd Gamblin and Bronis R. De Supinski and Kevin Skadron},
    title = {Experiences with Achieving Portability across Heterogeneous Architectures},
    year = {2010},
}

%
@article{puente2014,
author = {Josep de la Puente and others},
title = {Mimetic seismic wave modeling including topography on deformed staggered grids},
journal = {GEOPHYSICS},
volume = {79},
number = {3},
pages = {T125-T141},
year = {2014},
doi = {10.1190/geo2013-0371.1},
URL = {http://dx.doi.org/10.1190/geo2013-0371.1},
eprint = {http://dx.doi.org/10.1190/geo2013-0371.1},
}

@article{Bailey1994,
   author = {Bailey et al.},
   institution = {NASA Ames Research Center, RNR Technical Report RNR-94-007},
   journal = {NASA Ames Research Center, RNR Technical Report RNR-94-007},
   keywords = {1994, nas},
   posted-at = {2010-07-27 14:13:20},
   priority = {3},
   title = {{The NAS Parallel Benchmarks}},
   year = {1994}
}

%
@inproceedings{Nguyen2010,
 author = {Nguyen, Anthony and Satish, Nadathur and Chhugani, Jatin and Kim, Changkyu and Dubey, Pradeep},
 title = {3.5DD Blocking Optimization for Stencil Computations on Modern CPUs and GPUs},
 booktitle = {Proceedings of the 2010 ACM/IEEE International Conference for High Performance Computing, Networking, Storage and Analysis},
 series = {SC '10},
 year = {2010},
 isbn = {978-1-4244-7559-9},
 pages = {1--13},
 numpages = {13},
 url = {http://dx.doi.org/10.1109/SC.2010.2},
 doi = {10.1109/SC.2010.2},
 acmid = {1884658},
 publisher = {IEEE Computer Society},
 address = {Washington, DC, USA},
}


@misc{titanx,
author = "NVIDIA",
title = "NVIDIA TITAN X",
howpublished = "https://www.nvidia.com/en-us/geforce/products/10series/titan-x-pascal/",
year = "2016",
}

@misc{phonesat,
author = "NASA",
title = "PhoneSAT project",
howpublished = "https://www.nasa.gov/content/phonesat/",
year = "2016",
}

@techreport{dgemm2006,
    Author = {Asanović, Krste and Bodik, Ras and Catanzaro, Bryan Christopher and Gebis, Joseph James and Husbands, Parry and Keutzer, Kurt and Patterson, David A. and Plishker, William Lester and Shalf, John and Williams, Samuel Webb and Yelick, Katherine A.},
    Title = {The Landscape of Parallel Computing Research: A View from Berkeley},
    Institution = {EECS Department, University of California, Berkeley},
    Year = {2006},
    Month = {Dec},
    URL = {http://www2.eecs.berkeley.edu/Pubs/TechRpts/2006/EECS-2006-183.html},
    Number = {UCB/EECS-2006-183},
}

@manual{Zynq,
  author={Xilinx},
  title = {Zynq-7000 All Programmable SoC Technical Reference Manual UG585 (v1.11)},
  year={2016},
  month={Sept.},
}

@article{yolo9000,
	author    = {Joseph Redmon and
	Ali Farhadi},
	title     = {{YOLO9000:} Better, Faster, Stronger},
	journal   = {CoRR},
	volume    = {abs/1612.08242},
	year      = {2016},
	url       = {http://arxiv.org/abs/1612.08242},
	archivePrefix = {arXiv},
	eprint    = {1612.08242},
	timestamp = {Mon, 13 Aug 2018 16:48:25 +0200},
	biburl    = {https://dblp.org/rec/bib/journals/corr/RedmonF16},
	bibsource = {dblp computer science bibliography, https://dblp.org}
}

@book{ziegler2004ser,
  title={SER--history, Trends and Challenges: A Guide for Designing with Memory ICs},
  author={Ziegler, J.F. and Puchner, H.},
  year={2004},
  publisher={Cypress}
}

@ARTICLE{kumar2013, 
author={S. Kumar and D. Jung and J. Jung}, 
journal={IEEE Transactions on Components, Packaging and Manufacturing Technology}, 
title={High-Speed Shear Test for Low Alpha Sn-1.0%Ag-0.5%Cu (SAC-105) Solder Ball of Sub-100-$\mu{\rm m}$Dimension for Wafer Level Packaging}, 
year={2013}, 
volume={3}, 
number={3}, 
pages={441-451}, 
keywords={copper alloys;integrated circuit reliability;radiation hardening (electronics);shear deformation;silver alloys;solders;tin alloys;wafer level packaging;high-speed shear test;low alpha solder ball;wafer level packaging;microelectronics packaging;low alpha activity solder development;electronic devices;low alpha ray emitter solder;ultralow background alpha particle counting systems;rosin mildly activated flux;water soluble flux;flux effect;solder joint strength;fracture energy;shear force;WS flux;RMA flux;speed conditions;electroless nickel electroless palladium immersion gold pad finish;ENEPIG pad finish;intermetallic compound composition;intermetallic compound morphology;SAC305 solders;SAC405 solders;SAC105 solders;reliability testing;soft error issue;SnAgCu;Nickel;Soldering;Force;Lead;Gold;Reliability;Alpha particle radiation effects;high-speed shear test;low alpha solder;reliability testing;soft error;wafer-scale integration}, 
doi={10.1109/TCPMT.2012.2230688}, 
ISSN={2156-3950}, 
month={March},}

@ARTICLE{baggio2004, 
author={J. Baggio and V. Ferlet-Cavrois and H. Duarte and O. Flament}, 
journal={IEEE Transactions on Nuclear Science}, 
title={Analysis of proton/neutron SEU sensitivity of commercial SRAMs-application to the terrestrial environment test method}, 
year={2004}, 
volume={51}, 
number={6}, 
pages={3420-3426}, 
keywords={proton effects;neutron effects;SRAM chips;proton/neutron SEU sensitivity;commercial SRAMs;terrestrial environment test method;WNR continuous spectrum irradiations;monoenergetic proton;monoenergetic neutron;JEDEC-JESD89 test procedure;proton cross-section;low energy part;modern devices;front side irradiation;back side irradiation;bulk technologies;proton effects;neutron effects;soft error rate;single-event upset;0.8 to 0.18 micron;Neutrons;Testing;Single event upset;Error analysis;Life estimation;Particle beams;Energy measurement;Neurons;Proton effects;Manufacturing;Bulk technologies;neuron effects;proton effects;soft error rate (SER);single-event upset (SEU)}, 
doi={10.1109/TNS.2004.839135}, 
ISSN={0018-9499}, 
month={Dec},}

@INPROCEEDINGS{eto1998, 
author={A. Eto and M. Hidaka and Y. Okuyama and K. Kimura and M. Hosono}, 
booktitle={International Electron Devices Meeting 1998. Technical Digest (Cat. No.98CH36217)}, 
title={Impact of neutron flux on soft errors in MOS memories}, 
year={1998}, 
volume={}, 
number={}, 
pages={367-370}, 
keywords={SRAM chips;DRAM chips;neutron effects;MOS memory circuits;integrated circuit modelling;integrated circuit reliability;circuit simulation;neutron flux;soft errors;MOS memories;DRAMs;SRAMs;error rate;adjacent multi-bit-errors;single-bit-errors;collected charge;triple-well;two-dimensional model;error mode;device configurations;Neutrons;Random access memory;Ferroelectric films;Nonvolatile memory;Flash memory;Error analysis;Polyethylene;Earth;Performance evaluation;Power cables}, 
doi={10.1109/IEDM.1998.746376}, 
ISSN={0163-1918}, 
month={Dec},}

@INPROCEEDINGS{quinnDDR, 
author={H. Quinn and P. Graham and T. Fairbanks}, 
booktitle={2011 IEEE Radiation Effects Data Workshop}, 
title={SEEs Induced by High-Energy Protons and Neutrons in SDRAM}, 
year={2010}, 
volume={}, 
number={}, 
pages={1-5}, 
keywords={DRAM chips;synchronous dynamic random access memory;SDRAM;high-energy proton;broad spectrum neutron test;mono-energetic proton test;Neutrons;Protons;SDRAM;Arrays;Computer crashes;Testing;Error correction codes}, 
doi={10.1109/REDW.2010.6062524}, 
ISSN={2154-0535}, 
month={July},}

@INPROCEEDINGS{guertin2017, 
author={S. M. Guertin and M. Cui}, 
booktitle={2017 IEEE Radiation Effects Data Workshop (REDW)}, 
title={SEE Test Results for the Snapdragon 820}, 
year={2017}, 
volume={}, 
number={}, 
pages={1-6}, 
  publisher = {},
  address = {},
keywords={DRAM chips;microprocessor chips;radiation hardening (electronics);SEE test results;heavy ion testing;Qualcomm Snapdragon 820;support DDR4 device;processor crashes;test preparation difficulties;SK Hynix 24 Gb LP DDR4 device;DDR4 Stuck Bits;SEFI;SBU;Testing;Androids;Humanoid robots;Ions;Protons;Neutrons;Software}, 
doi={10.1109/NSREC.2017.8115452}, 
ISSN={2154-0535}, 
month={July},}

@ARTICLE{srour2003, 
author={J. R. Srour and C. J. Marshall and P. W. Marshall}, 
journal={IEEE Transactions on Nuclear Science}, 
title={Review of displacement damage effects in silicon devices}, 
year={2003}, 
volume={50}, 
number={3}, 
pages={653-670}, 
keywords={silicon;annealing;radiation effects;energy loss of particles;radiation hardening (electronics);semiconductor devices;displacement damage effects;silicon devices;annealing;energy loss;radiation-induced displacement damage;displacement damage;displacement-damage information sources;Si;Silicon devices;Semiconductor materials;Radiation effects;Space technology;Annealing;Conducting materials;Terminology;Bibliographies;Energy loss;History}, 
doi={10.1109/TNS.2003.813197}, 
ISSN={0018-9499}, 
month={June},}


@ARTICLE{ffsantos2018,
author={F. F. d. {Santos} and P. F. {Pimenta} and C. {Lunardi} and L. {Draghetti} and L. {Carro} and D. {Kaeli} and P. {Rech}}, 
journal={IEEE Transactions on Reliability}, 
title={Analyzing and Increasing the Reliability of Convolutional Neural Networks on GPUs}, 
year={2019}, 
volume={68}, 
number={2}, 
pages={663-677}, 
keywords={convolutional neural nets;error correction codes;fault diagnosis;fault tolerance;fault tolerant computing;graphics processing units;matrix multiplication;object detection;parallel architectures;Faster R-CNN;residual network;neutron beams;beam experiments;fault injection;fault propagation;error correcting codes;safety-critical applications;CNN reliability;algorithm-based fault-tolerance technique;critical SDCs;graphics processing units;image detection;GPU-enabled CNNs;safety-critical environments;object detection algorithms;NVIDIA GPU architectures;faster region-based CNN;convolutional neural network reliability;silent data corruptions;matrix multiplication;Graphics processing units;Error correction codes;Neural networks;Fault tolerance;Fault tolerant systems;Hardware;Algorithm-based fault tolerance (ABFT);convolutional neural networks (CNNs);embedded systems;fault tolerance;reliability;safety-critical;soft errors}, 
doi={10.1109/TR.2018.2878387}, 
ISSN={0018-9529}, 
month={June},}


@article{deng2012,
	Author = {Deng, Li},
	Doi = {10.1109/msp.2012.2211477},
	Journal = {IEEE Signal Processing Magazine},
	Number = {6},
	Pages = {141--142},
	Title = {The MNIST Database of Handwritten Digit Images for Machine Learning Research [Best of the Web]},
	Volume = {29},
	Year = {2012},
	Bdsk-Url-1 = {https://doi.org/10.1109/msp.2012.2211477}}


@article{capozzoli2015cooling,
  title={Cooling systems in data centers: state of art and emerging technologies},
  author={Capozzoli, Alfonso and Primiceri, Giulio},
  journal={Energy Procedia},
  volume={83},
  pages={484--493},
  year={2015},
  publisher={Elsevier}
}

@ARTICLE{coolingtech,
author={R. C. {Chu} and R. E. {Simons} and M. J. {Ellsworth} and R. R. {Schmidt} and V. {Cozzolino}},
journal={IEEE Transactions on Device and Materials Reliability},
title={Review of cooling technologies for computer products},
year={2004},
volume={4},
number={4},
pages={568-585},
doi={10.1109/TDMR.2004.840855},
ISSN={1530-4388},
month={Dec}
}

@article{el2012immersion,
  title={Immersion cooling nucleate boiling of high power computer chips},
  author={El-Genk, Mohamed S},
  journal={Energy conversion and management},
  volume={53},
  number={1},
  pages={205--218},
  year={2012},
  publisher={Elsevier}
}

@article{gao2015experimental,
  title={Experimental and numerical dynamic investigation of an energy efficient liquid cooled chiller-less data center test facility},
  author={Gao, Tianyi and David, Milnes and Geer, James and Schmidt, Roger and Sammakia, Bahgat},
  journal={Energy and buildings},
  volume={91},
  pages={83--96},
  year={2015},
  publisher={Elsevier}
}

@inproceedings{ellsworth2008evolution,
  title={The evolution of water cooling for IBM large server systems: Back to the future},
  author={Ellsworth, MJ and Campbell, LA and Simons, RE and Iyengar, MK and Schmidt, RR and Chu, RC},
  booktitle={2008 11th Intersociety Conference on Thermal and Thermomechanical Phenomena in Electronic Systems},
  pages={266--274},
  year={2008},
  publisher={IEEE},
  address={},
  organization={IEEE}
}

@article{ellsworth2012overview,
  title={An overview of the IBM power 775 supercomputer water cooling system},
  author={Ellsworth, Michael J and Goth, Gary F and Zoodsma, Randy J and Arvelo, Amilcar and Campbell, Levi A and Anderl, William J},
  journal={Journal of Electronic Packaging},
  volume={134},
  number={2},
  pages={020906},
  year={2012},
  publisher={American Society of Mechanical Engineers}
}

@article{patterson2008state,
  title={The state of datacenter cooling},
  author={Patterson, Michael K and Fenwick, Dave},
  journal={Intel Corporation White Paper. Available at http://download.intel.com/technology/eep/data-center-efficiency/stateof-date-center-cooling. pdf},
  year={2008}
}    

@article{snir2014addressing,
  title={{Addressing failures in exascale computing}},
  author={Snir, Marc and Wisniewski, Robert W and Abraham, Jacob A and Adve, Sarita V and Bagchi, Saurabh and Balaji, Pavan and Belak, Jim and Bose, Pradip and Cappello, Franck and Carlson, Bill and others},
  journal={International Journal of High Performance Computing Applications},
  pages={1094342014522573},
  year={2014},
  publisher={SAGE Publications}
}

@misc{summit-overview,
  key = {Summit System Overview},
  title = {Summit System Overview.},
  year = {2006},
  publisher = {ORNL},
  howpublished = {\url{https://www.olcf.ornl.gov/wp-content/uploads/2018/05/Intro\_Summit\_System\_Overview.pdf}}
}

@inproceedings{nowicki2017thermal,
  title={Thermal neutron flux characterization at aircraft altitudes with the TinMan detector},
  author={Nowicki, Suzanne and Wender, Stephen and Couture, Aaron and Dominik, Laura and Warniment, Adam and McKeown, Kristina and Mocko, Michael},
  booktitle={2017 IEEE Aerospace Conference},
  pages={1--9},
  year={2017},
  organization={IEEE}
}

@misc{git_data,
  key = {Radiation test data},
  title = {Codes and cross section measured during Radiation tests.},
  year = {2019},
  publisher = {GitHub},
  journal = {GitHub repository},
  howpublished = {After double-blind review, link will be provided},
}

@article{beyster1961measurements,
  title={Measurements of neutron spectra in water, polyethylene, and zirconium hydride},
  author={Beyster, JR and Wood, JL and Lopez, WM and Walton, RB},
  journal={Nuclear Science and Engineering},
  volume={9},
  number={2},
  pages={168--184},
  year={1961},
  publisher={Taylor \& Francis}
}

@article{lavelle2008neutronic,
  title={Neutronic design and measured performance of the Low Energy Neutron Source (LENS) target moderator reflector assembly},
  author={Lavelle, CM and Baxter, David V and Bogdanov, A and Derenchuk, VP and Kaiser, H and Leuschner, MB and Lone, MA and Lozowski, W and Nann, H and Przewoski, Bv and others},
  journal={Nuclear Instruments and Methods in Physics Research Section A: Accelerators, Spectrometers, Detectors and Associated Equipment},
  volume={587},
  number={2-3},
  pages={324--341},
  year={2008},
  publisher={Elsevier}
}

@book{leo2012techniques,
  title={Techniques for nuclear and particle physics experiments: a how-to approach},
  author={Leo, William R},
  year={2012},
  address = {},
  publisher={Springer Science \& Business Media}
}


@ARTICLE{
   fernandoIET,
   author = {Fernando Fernandes dos Santos},
   author = {Luigi Carro},
   author = {Paolo Rech},
   ISSN = {1751-8601},
   language = {English},
   title = {Kernel and layer vulnerability factor to evaluate object detection reliability in GPUs},
   journal = {IET Computers \& Digital Techniques},
   year = {2018},
   month = {September},
   publisher ={Institution of Engineering and Technology},
   url = {https://digital-library.theiet.org/content/journals/10.1049/iet-cdt.2018.5026}
}

@article{fernandoHOG,
 author = {Fernandes, Fernando and Weigel, Lucas and Jung, Claudio and Navaux, Philippe and Carro, Luigi and Rech, Paolo},
 title = {Evaluation of Histogram of Oriented Gradients Soft Errors Criticality for Automotive Applications},
 journal = {ACM Trans. Archit. Code Optim.},
 issue_date = {December 2016},
 volume = {13},
 number = {4},
 month = nov,
 year = {2016},
 issn = {1544-3566},
 pages = {38:1--38:25},
 articleno = {38},
 numpages = {25},
 url = {http://doi.acm.org/10.1145/2998573},
 doi = {10.1145/2998573},
 acmid = {2998573},
 publisher = {ACM},
 address = {New York, NY, USA},
 keywords = {HOG, pedestrian detection},
} 

@inproceedings{Tian2018deeptest,
 author = {Tian, Yuchi and Pei, Kexin and Jana, Suman and Ray, Baishakhi},
 title = {DeepTest: Automated Testing of Deep-neural-network-driven Autonomous Cars},
 booktitle = {Proceedings of the 40th International Conference on Software Engineering},
 series = {ICSE '18},
 year = {2018},
 isbn = {978-1-4503-5638-1},
 location = {Gothenburg, Sweden},
 pages = {303--314},
 numpages = {12},
 url = {http://doi.acm.org/10.1145/3180155.3180220},
 doi = {10.1145/3180155.3180220},
 acmid = {3180220},
 publisher = {ACM},
 address = {New York, NY, USA},
 keywords = {autonomous vehicle, deep learning, deep neural networks, neuron coverage, self-driving cars, testing},
}  

@article{bojarski2017explaining,
  title={Explaining how a deep neural network trained with end-to-end learning steers a car},
  author={Bojarski, Mariusz and Yeres, Philip and Choromanska, Anna and Choromanski, Krzysztof and Firner, Bernhard and Jackel, Lawrence and Muller, Urs},
  journal={arXiv preprint arXiv:1704.07911},
  year={2017}
}

@article{angelova2015real,
  title={Real-time pedestrian detection with deep network cascades},
  author={Angelova, Anelia and Krizhevsky, Alex and Vanhoucke, Vincent and Ogale, Abhijit and Ferguson, Dave},
  year={2015}
}

@inproceedings{li2017understanding,
  title={Understanding error propagation in deep learning neural network (DNN) accelerators and applications},
  author={Li, Guanpeng and Hari, Siva Kumar Sastry and Sullivan, Michael and Tsai, Timothy and Pattabiraman, Karthik and Emer, Joel and Keckler, Stephen W},
  booktitle={Proceedings of the International Conference for High Performance Computing, Networking, Storage and Analysis},
  pages={8},
  year={2017},
  organization={ACM}
}

@article{Kouzes2008,
  title={Cosmic-ray-induced ship-effect neutron measurements and implications for cargo scanning at borders},
  author={R. T. Kouzes et al.},
  year={2008},
  journal={Nuclear Instruments and Methods in Physics Research Section A, Accelerators, Spectrometers, Detectors and Associated Equipment}, 
  volume={587(1)}, 
  pages={89-100}, 
  doi={101016/jnima200712031}
}
	
@misc{Werner2018,
  author={C.J. Werner et al.},
  title={"MCNP6.2 Release Notes"},
  publisher={Los Alamos National Laboratory},
  volume={LA-UR-18-20808},
  year={2018}
}

@inproceedings{baumann1995boron,
  title={Boron as a primary source of radiation in high density DRAMs},
  author={Baumann, Robert and Hossain, Tim and Smith, Eric and Murata, Shinya and Kitagawa, Hideki},
  booktitle={1995 Symposium on VLSI Technology. Digest of Technical Papers},
  pages={81--82},
  publisher={IEEE},
  address={Kyoto, Japan, Japan},
  year={1995},
  organization={IEEE}
}

@article{normand2006quantifying,
  title={Quantifying the Double-Sided Neutron SEU Threat, From Low Energy (Thermal) and High Energy >10 MeV) Neutrons},
  author={Normand, E and Vranish, K and Sheets, A and Stitt, M and Kim, R},
  journal={IEEE transactions on nuclear science},
  volume={53},
  number={6},
  pages={3587--3595},
  year={2006},
  publisher={IEEE}
}

@inproceedings{lee2015radiation,
  title={Radiation-induced soft error rate analyses for 14 nm FinFET SRAM devices},
  author={Lee, Soonyoung and Kim, Ilgon and Ha, Sungmock and Yu, Cheong-sik and Noh, Jinhyun and Pae, Sangwoo and Park, Jongwoo},
  booktitle={2015 IEEE International Reliability Physics Symposium},
  pages={4B--1},
  year={2015},
  publisher = {IEEE},
  address = {},
  organization={IEEE}
}

@article{fang2016characterization,
  title={Characterization of single bit and multiple cell soft error events in planar and FinFET SRAMs},
  author={Fang, Yi-Pin and Oates, Anthony S},
  journal={IEEE Transactions on Device and Materials Reliability},
  volume={16},
  number={2},
  pages={132--137},
  year={2016},
  publisher={IEEE}
}

@inproceedings{maillard2015neutron,
  title={Neutron, 64 MeV proton, thermal neutron and alpha single-event upset characterization of Xilinx 20nm UltraScale Kintex FPGA},
  author={Maillard, Pierre and Hart, Michael and Barton, Jeff and Jain, Praful and Karp, James},
  booktitle={2015 IEEE Radiation Effects Data Workshop (REDW)},
  pages={1--5},
  year={2015},
  organization={IEEE}
}

@article{weulersse2018contribution,
  title={Contribution of Thermal Neutrons to Soft Error Rate},
  author={Weulersse, C{\'e}cile and Houssany, Sabrine and Guibbaud, Nicolas and Segura-Ruiz, Jaime and Beaucour, J{\'e}r{\^o}me and Miller, Florent and Mazurek, Maria},
  journal={IEEE Transactions on Nuclear Science},
  volume={65},
  number={8},
  pages={1851--1857},
  year={2018},
  publisher={IEEE}
}

@inproceedings{Cher2014,
 author = {Cher, Chen-Yong and Gupta, Meeta S. and Bose, Pradip and Muller, K. Paul},
 title = {Understanding Soft Error Resiliency of BlueGene/Q Compute Chip Through Hardware Proton Irradiation and Software Fault Injection},
 booktitle = {Proceedings of the International Conference for High Performance Computing, Networking, Storage and Analysis},
 series = {SC '14},
 year = {2014},
 isbn = {978-1-4799-5500-8},
 location = {New Orleans, Louisana},
 pages = {587--596},
 numpages = {10},
 url = {https://doi.org/10.1109/SC.2014.53},
 doi = {10.1109/SC.2014.53},
 acmid = {2683658},
 publisher = {IEEE Press},
 address = {Piscataway, NJ, USA},
 keywords = {chip irradiation, co-design, fault injection, high-performance applications, soft error rate},
}

@INPROCEEDINGS{Tan2011,
author={Jingweijia Tan and Goswami, N. and Tao Li and Xin Fu},
booktitle={Workload Characterization (IISWC), 2011 IEEE International Symposium on},
title={{Analyzing soft-error vulnerability on GPGPU microarchitecture}},
year={2011},
month={Nov},
pages={226-235},
doi={10.1109/IISWC.2011.6114182},
}

@inproceedings{wen2010b10,
  title={B10 finding and correlation to thermal neutron soft error rate sensitivity for SRAMs in the sub-micron technology},
  author={Wen, Shi-Jie and Pai, SY and Wong, Richard and Romain, Michael and Tam, Nelson},
  booktitle={2010 IEEE International Integrated Reliability Workshop Final Report},
  pages={31--33},
  year={2010},
  organization={IEEE}
}

@article{sridharan2015,
 author = {Sridharan, Vilas and DeBardeleben, Nathan and Blanchard, Sean and Ferreira, Kurt B. and Stearley, Jon and Shalf, John and Gurumurthi, Sudhanva},
 title = {Memory Errors in Modern Systems: The Good, The Bad, and The Ugly},
 journal = {SIGARCH Comput. Archit. News},
 issue_date = {March 2015},
 volume = {43},
 number = {1},
 month = mar,
 year = {2015},
 issn = {0163-5964},
 pages = {297--310},
 numpages = {14},
 url = {http://doi.acm.org/10.1145/2786763.2694348},
 doi = {10.1145/2786763.2694348},
 acmid = {2694348},
 publisher = {ACM},
 address = {New York, NY, USA},
 keywords = {field studies, large-scale systems, reliability}
} 

@INPROCEEDINGS{heather2010Neutron,
author={S. E. {Michalak} and A. J. {DuBois} and C. B. {Storlie} and H. M. {Quinn} and W. N. {Rust} and D. H. {DuBois} and D. G. {Modl} and A. {Manuzzato} and S. P. {Blanchard}},
booktitle={2011 IEEE Radiation Effects Data Workshop},
title={Neutron Beam Testing of High Performance Computing Hardware},
year={2010},
volume={},
number={},
pages={1-8},
doi={10.1109/REDW.2010.6062525},
ISSN={2154-0535},
month={July}
}

@ARTICLE{heather2012processvariation,
author={S. E. {Michalak} and A. J. {DuBois} and C. B. {Storlie} and H. M. {Quinn} and W. N. {Rust} and D. H. {DuBois} and D. G. {Modl} and A. {Manuzzato} and S. P. {Blanchard}},
journal={IEEE Transactions on Device and Materials Reliability},
title={Assessment of the Impact of Cosmic-Ray-Induced Neutrons on Hardware in the Roadrunner Supercomputer},
year={2012},
volume={12},
number={2},
pages={445-454},
keywords={cosmic rays;mainframes;parallel machines;hardware cosmic ray induced neutrons;roadrunner supercomputer;microprocessor based systems;high performance computing;HPC;silent data corruption;SDC;microprocessor based computations;petaflop supercomputer;neutron susceptibility;Triblade servers;Microprocessors;Hardware;Neutrons;Computer architecture;Testing;Blades;Program processors;Failures in time (FIT);neutron-beam testing;silent data corruption (SDC);single-event effect;soft error},
doi={10.1109/TDMR.2012.2192736},
ISSN={1530-4388},
month={June}
}

@ARTICLE{sram-variability,
author={J. {Noh} and V. {Correas} and S. {Lee} and J. {Jeon} and I. {Nofal} and J. {Cerba} and H. {Belhaddad} and D. {Alexandrescu} and Y. {Lee} and S. {Kwon}},
journal={IEEE Transactions on Nuclear Science},
title={Study of Neutron Soft Error Rate (SER) Sensitivity: Investigation of Upset Mechanisms by Comparative Simulation of FinFET and Planar MOSFET SRAMs},
year={2015},
volume={62},
number={4},
pages={1642-1649},
doi={10.1109/TNS.2015.2450997},
ISSN={0018-9499},
month={Aug},}
